
        <record>
            <header>
                <identifier>https://libris.kb.se/fpvtxgn4c83dkrls</identifier>
                <datestamp>2018-11-14T09:50:59.828284Z</datestamp>
                <setSpec>bib</setSpec>
            </header>
            <metadata>
                <record xmlns="http://www.loc.gov/MARC21/slim" type="Bibliographic">
                    <leader>     cam a       m  4500</leader>
                    <controlfield tag="001">fpvtxgn4c83dkrls</controlfield>
                    <controlfield tag="003">OCoLC</controlfield>
                    <controlfield tag="005">20181114044941.0</controlfield>
                    <controlfield tag="008">181008s2018    ne |||||||||||000 ||eng|d</controlfield>
                    <datafield ind1=" " ind2=" " tag="020">
                        <subfield code="a">9780128145210</subfield>
                    </datafield>
                    <datafield ind1=" " ind2=" " tag="020">
                        <subfield code="a">0128145218</subfield>
                    </datafield>
                    <datafield ind1=" " ind2=" " tag="040">
                        <subfield code="a">Z</subfield>
                        <subfield code="b">ger</subfield>
                        <subfield code="c">DEBSZ</subfield>
                        <subfield code="e">rda</subfield>
                    </datafield>
                    <datafield ind1=" " ind2=" " tag="041">
                        <subfield code="a">eng</subfield>
                    </datafield>
                    <datafield ind1="0" ind2="4" tag="082">
                        <subfield code="a">546.6752</subfield>
                    </datafield>
                    <datafield ind1="0" ind2="0" tag="245">
                        <subfield code="a">Gallium oxide :</subfield>
                        <subfield code="b">technology, devices and applications /</subfield>
                        <subfield code="c">edited by Stephen Pearton Fan Ren Michael Mastro.</subfield>
                    </datafield>
                    <datafield ind1=" " ind2="1" tag="264">
                        <subfield code="a">Amsterdam :</subfield>
                        <subfield code="b">Elsevier,</subfield>
                        <subfield code="c">2018</subfield>
                    </datafield>
                    <datafield ind1=" " ind2=" " tag="300">
                        <subfield code="a">1 volume.</subfield>
                        <subfield code="c">23 cm.</subfield>
                    </datafield>
                    <datafield ind1=" " ind2=" " tag="336">
                        <subfield code="a">Text</subfield>
                        <subfield code="b">txt</subfield>
                        <subfield code="2">rdacontent/ger</subfield>
                    </datafield>
                    <datafield ind1=" " ind2=" " tag="337">
                        <subfield code="a">ohne Hilfsmittel zu benutzen</subfield>
                        <subfield code="b">n</subfield>
                        <subfield code="2">rdamedia/ger</subfield>
                    </datafield>
                    <datafield ind1=" " ind2=" " tag="338">
                        <subfield code="a">Band</subfield>
                        <subfield code="b">nc</subfield>
                        <subfield code="2">rdacarrier/ger</subfield>
                    </datafield>
                    <datafield ind1=" " ind2=" " tag="340">
                        <subfield code="b">23 cm.</subfield>
                    </datafield>
                    <datafield ind1="0" ind2=" " tag="490">
                        <subfield code="a">Metal oxides series</subfield>
                    </datafield>
                    <datafield ind1=" " ind2=" " tag="599">
                        <subfield code="a">Imported from: zcat.oclc.org:210/OLUCWorldCat (Do not remove)</subfield>
                    </datafield>
                    <datafield ind1=" " ind2="0" tag="650">
                        <subfield code="a">Gallium compounds.</subfield>
                    </datafield>
                    <datafield ind1=" " ind2="0" tag="650">
                        <subfield code="a">Oxides.</subfield>
                    </datafield>
                    <datafield ind1="1" ind2=" " tag="700">
                        <subfield code="a">Pearton, S. J.</subfield>
                        <subfield code="e">HerausgeberIn.</subfield>
                        <subfield code="4">editor</subfield>
                    </datafield>
                    <datafield ind1="1" ind2=" " tag="700">
                        <subfield code="a">Ren, F.</subfield>
                        <subfield code="e">HerausgeberIn.</subfield>
                        <subfield code="4">editor</subfield>
                    </datafield>
                    <datafield ind1="1" ind2=" " tag="700">
                        <subfield code="a">Mastro, Michael A.</subfield>
                        <subfield code="e">HerausgeberIn.</subfield>
                        <subfield code="4">editor</subfield>
                    </datafield>
                    <datafield ind1=" " ind2=" " tag="887">
                        <subfield code="a">{"@id":"fpvtxgn4c83dkrls","modified":"2018-11-14T04:49:41.0+01:00","checksum":"27093277229"}</subfield>
                        <subfield code="2">librisxl</subfield>
                    </datafield>
                </record>
            </metadata>
            <about>
                <holding sigel="Z" id="6gmlpbpx46dm2m8b">
                    <record xmlns="http://www.loc.gov/MARC21/slim" type="Holdings">
                        <leader>     nx  a       |n 4500</leader>
                        <controlfield tag="001">6gmlpbpx46dm2m8b</controlfield>
                        <controlfield tag="005">20181114105228.0</controlfield>
                        <controlfield tag="008">181114||0000|||||000||||||000000</controlfield>
                        <datafield ind1=" " ind2=" " tag="852">
                            <subfield code="b">Z</subfield>
                            <subfield code="h">Beställd / On order since 181115</subfield>
                        </datafield>
                        <datafield ind1=" " ind2=" " tag="887">
                            <subfield code="a">{"@id":"6gmlpbpx46dm2m8b","modified":"2018-11-14T10:52:28.03+01:00","checksum":"42901348977"}</subfield>
                            <subfield code="2">librisxl</subfield>
                        </datafield>
                    </record>
                </holding>
            </about>
            <about>
                <agent name="Z"/>
            </about>
        </record>