
        <record>
            <header>
                <identifier>https://libris.kb.se/jszxzfd8g8kzn9tj</identifier>
                <datestamp>2018-11-14T09:55:02.309Z</datestamp>
                <setSpec>bib</setSpec>
            </header>
            <metadata>
                <record xmlns="http://www.loc.gov/MARC21/slim" type="Bibliographic">
                    <leader>     cam a       m  4500</leader>
                    <controlfield tag="001">jszxzfd8g8kzn9tj</controlfield>
                    <controlfield tag="003">OCoLC</controlfield>
                    <controlfield tag="005">20181114103558.0</controlfield>
                    <controlfield tag="008">181114s2018    xx |||||||||||000 ||eng|d</controlfield>
                    <datafield ind1=" " ind2=" " tag="020">
                        <subfield code="a">1119417597</subfield>
                    </datafield>
                    <datafield ind1=" " ind2=" " tag="020">
                        <subfield code="a">9781119417590</subfield>
                    </datafield>
                    <datafield ind1=" " ind2=" " tag="040">
                        <subfield code="a">Z</subfield>
                        <subfield code="b">eng</subfield>
                        <subfield code="c">YDX</subfield>
                    </datafield>
                    <datafield ind1=" " ind2=" " tag="041">
                        <subfield code="a">eng</subfield>
                    </datafield>
                    <datafield ind1="1" ind2=" " tag="100">
                        <subfield code="a">JACOBI, PETER A.</subfield>
                    </datafield>
                    <datafield ind1="1" ind2="0" tag="245">
                        <subfield code="a">INTRODUCTION TO HETEROCYCLIC CHEMISTRY</subfield>
                    </datafield>
                    <datafield ind1=" " ind2="1" tag="264">
                        <subfield code="c">2018</subfield>
                    </datafield>
                    <datafield ind1=" " ind2="1" tag="264">
                        <subfield code="a">[S.l.] :</subfield>
                        <subfield code="b">WILEY-BLACKWELL,</subfield>
                        <subfield code="c">2018.</subfield>
                    </datafield>
                    <datafield ind1=" " ind2=" " tag="599">
                        <subfield code="a">Imported from: zcat.oclc.org:210/OLUCWorldCat (Do not remove)</subfield>
                    </datafield>
                    <datafield ind1=" " ind2=" " tag="887">
                        <subfield code="a">{"@id":"jszxzfd8g8kzn9tj","modified":"2018-11-14T10:35:58.962+01:00","checksum":"11486380499"}</subfield>
                        <subfield code="2">librisxl</subfield>
                    </datafield>
                </record>
            </metadata>
            <about>
                <holding sigel="Z" id="kt0z1jx5h2qkpsn0">
                    <record xmlns="http://www.loc.gov/MARC21/slim" type="Holdings">
                        <leader>     nx  a       |n 4500</leader>
                        <controlfield tag="001">kt0z1jx5h2qkpsn0</controlfield>
                        <controlfield tag="005">20181114103639.0</controlfield>
                        <controlfield tag="008">181114||0000|||||000||||||000000</controlfield>
                        <datafield ind1=" " ind2=" " tag="852">
                            <subfield code="b">Z</subfield>
                            <subfield code="h">Beställd / On order since 181115</subfield>
                        </datafield>
                        <datafield ind1=" " ind2=" " tag="887">
                            <subfield code="a">{"@id":"kt0z1jx5h2qkpsn0","modified":"2018-11-14T10:36:39.322+01:00","checksum":"14770142709"}</subfield>
                            <subfield code="2">librisxl</subfield>
                        </datafield>
                    </record>
                </holding>
            </about>
            <about>
                <agent name="Z"/>
            </about>
        </record>