
        <record>
            <header>
                <identifier>https://libris.kb.se/x6cbkn52vs1dtx7k</identifier>
                <datestamp>2018-11-14T10:54:26.347797Z</datestamp>
                <setSpec>bib</setSpec>
            </header>
            <metadata>
                <record xmlns="http://www.loc.gov/MARC21/slim" type="Bibliographic">
                    <leader>     cam a       m  4500</leader>
                    <controlfield tag="001">x6cbkn52vs1dtx7k</controlfield>
                    <controlfield tag="003">OCoLC</controlfield>
                    <controlfield tag="005">20181114055213.0</controlfield>
                    <controlfield tag="008">170809s2018    xx |||||||||||000 ||eng|d</controlfield>
                    <datafield ind1=" " ind2=" " tag="015">
                        <subfield code="a">GBB8F8155</subfield>
                        <subfield code="2">bnb</subfield>
                    </datafield>
                    <datafield ind1=" " ind2=" " tag="020">
                        <subfield code="a">0128113618</subfield>
                    </datafield>
                    <datafield ind1=" " ind2=" " tag="020">
                        <subfield code="a">9780128113615</subfield>
                    </datafield>
                    <datafield ind1=" " ind2=" " tag="020">
                        <subfield code="z">9780323509671 (ePub ebook)</subfield>
                    </datafield>
                    <datafield ind1=" " ind2=" " tag="040">
                        <subfield code="a">Z</subfield>
                        <subfield code="b">eng</subfield>
                        <subfield code="c">YDX</subfield>
                    </datafield>
                    <datafield ind1=" " ind2=" " tag="041">
                        <subfield code="a">eng</subfield>
                    </datafield>
                    <datafield ind1="0" ind2="4" tag="082">
                        <subfield code="a">668.4234</subfield>
                        <subfield code="2">23</subfield>
                    </datafield>
                    <datafield ind1="0" ind2="0" tag="245">
                        <subfield code="a">RECYCLING OF POLYETHYLENE TEREPHTHALATE BOTTLES</subfield>
                    </datafield>
                    <datafield ind1=" " ind2="1" tag="264">
                        <subfield code="c">2018</subfield>
                    </datafield>
                    <datafield ind1=" " ind2="1" tag="264">
                        <subfield code="a">[S.l.] :</subfield>
                        <subfield code="b">WILLIAM ANDREW PUBLISHING,</subfield>
                        <subfield code="c">2018.</subfield>
                    </datafield>
                    <datafield ind1=" " ind2=" " tag="300">
                        <subfield code="a">1 volume</subfield>
                        <subfield code="c">28 cm.</subfield>
                    </datafield>
                    <datafield ind1=" " ind2=" " tag="340">
                        <subfield code="b">28 cm.</subfield>
                    </datafield>
                    <datafield ind1="0" ind2=" " tag="490">
                        <subfield code="a">PDL handbook series</subfield>
                    </datafield>
                    <datafield ind1=" " ind2=" " tag="599">
                        <subfield code="a">Imported from: zcat.oclc.org:210/OLUCWorldCat (Do not remove)</subfield>
                    </datafield>
                    <datafield ind1=" " ind2="0" tag="650">
                        <subfield code="a">Polyethylene terephthalate</subfield>
                        <subfield code="x">Recycling.</subfield>
                    </datafield>
                    <datafield ind1="0" ind2="8" tag="776">
                        <subfield code="i">ebook version :</subfield>
                        <subfield code="z">9780323509671</subfield>
                    </datafield>
                    <datafield ind1=" " ind2=" " tag="887">
                        <subfield code="a">{"@id":"x6cbkn52vs1dtx7k","modified":"2018-11-14T05:52:13.0+01:00","checksum":"32391156439"}</subfield>
                        <subfield code="2">librisxl</subfield>
                    </datafield>
                </record>
            </metadata>
            <about>
                <holding sigel="Z" id="8jpnw1mt63j3fqvl">
                    <record xmlns="http://www.loc.gov/MARC21/slim" type="Holdings">
                        <leader>     nx  a       |n 4500</leader>
                        <controlfield tag="001">8jpnw1mt63j3fqvl</controlfield>
                        <controlfield tag="005">20181114115457.0</controlfield>
                        <controlfield tag="008">181114||0000|||||000||||||000000</controlfield>
                        <datafield ind1=" " ind2=" " tag="852">
                            <subfield code="b">Z</subfield>
                            <subfield code="h">Beställd / On order since 181115</subfield>
                        </datafield>
                        <datafield ind1=" " ind2=" " tag="887">
                            <subfield code="a">{"@id":"8jpnw1mt63j3fqvl","modified":"2018-11-14T11:54:57.282+01:00","checksum":"38929000435"}</subfield>
                            <subfield code="2">librisxl</subfield>
                        </datafield>
                    </record>
                </holding>
            </about>
            <about>
                <agent name="Z"/>
            </about>
        </record>