
        <record>
            <header>
                <identifier>https://libris.kb.se/q826q2x20rlxbht</identifier>
                <datestamp>2018-11-14T11:10:55.941Z</datestamp>
                <setSpec>bib</setSpec>
            </header>
            <metadata>
                <record xmlns="http://www.loc.gov/MARC21/slim" type="Bibliographic">
                    <leader>     cam a       7  4500</leader>
                    <controlfield tag="001">14580782</controlfield>
                    <controlfield tag="005">20181030230000.0</controlfield>
                    <controlfield tag="008">130710s2013    mau|||||||||||000 ||eng| </controlfield>
                    <datafield ind1=" " ind2=" " tag="010">
                        <subfield code="a">2012006868</subfield>
                    </datafield>
                    <datafield ind1=" " ind2=" " tag="020">
                        <subfield code="a">9780123869807</subfield>
                    </datafield>
                    <datafield ind1=" " ind2=" " tag="020">
                        <subfield code="a">0123869803</subfield>
                    </datafield>
                    <datafield ind1=" " ind2=" " tag="035">
                        <subfield code="a">7195742</subfield>
                    </datafield>
                    <datafield ind1=" " ind2=" " tag="040">
                        <subfield code="a">DLC</subfield>
                        <subfield code="b">eng</subfield>
                        <subfield code="c">DLC</subfield>
                        <subfield code="d">YDX</subfield>
                        <subfield code="d">BTCTA</subfield>
                        <subfield code="d">YDXCP</subfield>
                        <subfield code="d">Z</subfield>
                    </datafield>
                    <datafield ind1=" " ind2=" " tag="041">
                        <subfield code="a">eng</subfield>
                    </datafield>
                    <datafield ind1=" " ind2=" " tag="042">
                        <subfield code="a">pcc</subfield>
                    </datafield>
                    <datafield ind1=" " ind2=" " tag="043">
                        <subfield code="a">e-uk---</subfield>
                    </datafield>
                    <datafield ind1="0" ind2="4" tag="050">
                        <subfield code="a">QA29.T8</subfield>
                        <subfield code="b">A45 2013</subfield>
                    </datafield>
                    <datafield ind1="0" ind2="0" tag="082">
                        <subfield code="a">510.92</subfield>
                        <subfield code="a">B</subfield>
                        <subfield code="2">23</subfield>
                    </datafield>
                    <datafield ind1=" " ind2=" " tag="084">
                        <subfield code="a">01A74</subfield>
                        <subfield code="2">msc</subfield>
                    </datafield>
                    <datafield ind1="1" ind2="0" tag="245">
                        <subfield code="a">Alan Turing :</subfield>
                        <subfield code="b">his work and impact /</subfield>
                        <subfield code="c">edited by S. Barry Cooper and Jan van Leeuwen.</subfield>
                    </datafield>
                    <datafield ind1=" " ind2="1" tag="264">
                        <subfield code="c">2013</subfield>
                    </datafield>
                    <datafield ind1=" " ind2="1" tag="264">
                        <subfield code="a">Waltham, MA :</subfield>
                        <subfield code="b">Elsevier,</subfield>
                        <subfield code="c">2013</subfield>
                    </datafield>
                    <datafield ind1=" " ind2=" " tag="300">
                        <subfield code="a">xxi, 914 p.</subfield>
                        <subfield code="b">ill.</subfield>
                        <subfield code="c">29 cm</subfield>
                    </datafield>
                    <datafield ind1=" " ind2=" " tag="340">
                        <subfield code="b">29 cm</subfield>
                    </datafield>
                    <datafield ind1=" " ind2=" " tag="504">
                        <subfield code="a">Includes bibliographical references and index.</subfield>
                    </datafield>
                    <datafield ind1=" " ind2=" " tag="599">
                        <subfield code="a">Imported from: z3950.library.ucla.edu:7090/voyager (Do not remove)</subfield>
                    </datafield>
                    <datafield ind1="1" ind2="4" tag="600">
                        <subfield code="a">Turing, Alan Mathison,</subfield>
                        <subfield code="d">1912-1954.</subfield>
                    </datafield>
                    <datafield ind1=" " ind2="0" tag="650">
                        <subfield code="a">Enigma cipher system.</subfield>
                    </datafield>
                    <datafield ind1=" " ind2="0" tag="650">
                        <subfield code="a">Logic, Symbolic and mathematical.</subfield>
                    </datafield>
                    <datafield ind1=" " ind2="0" tag="650">
                        <subfield code="a">Mathematicians</subfield>
                        <subfield code="z">Great Britain</subfield>
                        <subfield code="v">Biography.</subfield>
                    </datafield>
                    <datafield ind1=" " ind2="0" tag="650">
                        <subfield code="a">Computer science</subfield>
                        <subfield code="x">Mathematics.</subfield>
                    </datafield>
                    <datafield ind1="1" ind2=" " tag="700">
                        <subfield code="a">Cooper, S. B.</subfield>
                        <subfield code="q">(S. Barry)</subfield>
                    </datafield>
                    <datafield ind1="1" ind2=" " tag="700">
                        <subfield code="a">Leeuwen, J. van</subfield>
                        <subfield code="q">(Jan)</subfield>
                    </datafield>
                    <datafield ind1=" " ind2=" " tag="887">
                        <subfield code="a">{"@id":"q826q2x20rlxbht","modified":"2018-10-30T23:00:00+01:00","checksum":"34502376748"}</subfield>
                        <subfield code="2">librisxl</subfield>
                    </datafield>
                </record>
            </metadata>
            <about>
                <holding sigel="BOKR" id="mr0bfccs0fw3tsp">
                    <record xmlns="http://www.loc.gov/MARC21/slim" type="Holdings">
                        <leader>     nx  a       1n 4500</leader>
                        <controlfield tag="001">56688834</controlfield>
                        <controlfield tag="004">14580782</controlfield>
                        <controlfield tag="005">20171103092829.0</controlfield>
                        <controlfield tag="008">171103||0000|||||000||||||000000</controlfield>
                        <datafield ind1=" " ind2=" " tag="852">
                            <subfield code="b">BOKR</subfield>
                        </datafield>
                        <datafield ind1=" " ind2=" " tag="887">
                            <subfield code="a">{"@id":"mr0bfccs0fw3tsp","modified":"2017-11-03T09:28:29+01:00","checksum":"69072147674"}</subfield>
                            <subfield code="2">librisxl</subfield>
                        </datafield>
                    </record>
                </holding>
                <holding sigel="Z" id="glsbp8bm1xwktt9">
                    <record xmlns="http://www.loc.gov/MARC21/slim" type="Holdings">
                        <leader>     cx  a       1n 4500</leader>
                        <controlfield tag="001">35981749</controlfield>
                        <controlfield tag="004">14580782</controlfield>
                        <controlfield tag="005">20140613165141.0</controlfield>
                        <controlfield tag="008">1307104|00008|||1001|||||0901128</controlfield>
                        <datafield ind1=" " ind2="4" tag="050">
                            <subfield code="a">QA 29 Turing, Alan</subfield>
                        </datafield>
                        <datafield ind1="8" ind2=" " tag="852">
                            <subfield code="b">Z</subfield>
                            <subfield code="h">qa</subfield>
                        </datafield>
                        <datafield ind1=" " ind2=" " tag="887">
                            <subfield code="a">{"@id":"glsbp8bm1xwktt9","modified":"2014-06-13T16:51:41+02:00","checksum":"79260175726"}</subfield>
                            <subfield code="2">librisxl</subfield>
                        </datafield>
                    </record>
                </holding>
                <holding sigel="Uang" id="6bj8w5jc0n723g0">
                    <record xmlns="http://www.loc.gov/MARC21/slim" type="Holdings">
                        <leader>     cx  a       4n 4500</leader>
                        <controlfield tag="001">41223761</controlfield>
                        <controlfield tag="004">14580782</controlfield>
                        <controlfield tag="005">20141209103404.0</controlfield>
                        <controlfield tag="008">1411264|00008|||1001|||||0901128</controlfield>
                        <datafield ind1=" " ind2=" " tag="852">
                            <subfield code="b">Uang</subfield>
                            <subfield code="h">01</subfield>
                            <subfield code="l">Turing</subfield>
                            <subfield code="x">uub201412uang</subfield>
                        </datafield>
                        <datafield ind1=" " ind2=" " tag="887">
                            <subfield code="a">{"@id":"6bj8w5jc0n723g0","modified":"2014-12-09T10:34:04+01:00","checksum":"83904763796"}</subfield>
                            <subfield code="2">librisxl</subfield>
                        </datafield>
                    </record>
                </holding>
                <holding sigel="Vm" id="08ffxttqxp4wp3t0">
                    <record xmlns="http://www.loc.gov/MARC21/slim" type="Holdings">
                        <leader>     cx  a       |n 4500</leader>
                        <controlfield tag="001">08ffxttqxp4wp3t0</controlfield>
                        <controlfield tag="004">14580782</controlfield>
                        <controlfield tag="005">20181114135907.0</controlfield>
                        <controlfield tag="008">181114||0000|||||000||||||000000</controlfield>
                        <datafield ind1="0" ind2="4" tag="082">
                            <subfield code="a">510.92</subfield>
                            <subfield code="2">23/swe</subfield>
                        </datafield>
                        <datafield ind1=" " ind2=" " tag="852">
                            <subfield code="b">Vm</subfield>
                            <subfield code="h">Hist. 3</subfield>
                            <subfield code="l">[Turing]</subfield>
                            <subfield code="x">18-039</subfield>
                        </datafield>
                        <datafield ind1=" " ind2=" " tag="887">
                            <subfield code="a">{"@id":"08ffxttqxp4wp3t0","modified":"2018-11-14T13:59:07.069+01:00","checksum":"59284683636"}</subfield>
                            <subfield code="2">librisxl</subfield>
                        </datafield>
                    </record>
                </holding>
                <holding sigel="Mahd" id="fnbvj7v3c7lxs56w">
                    <record xmlns="http://www.loc.gov/MARC21/slim" type="Holdings">
                        <leader>     cx  a       1n 4500</leader>
                        <controlfield tag="001">fnbvj7v3c7lxs56w</controlfield>
                        <controlfield tag="004">14580782</controlfield>
                        <controlfield tag="005">20180702160426.0</controlfield>
                        <controlfield tag="008">180702||0000|||||001||||||000000</controlfield>
                        <datafield ind1=" " ind2=" " tag="599">
                            <subfield code="a">SFX</subfield>
                        </datafield>
                        <datafield ind1=" " ind2=" " tag="852">
                            <subfield code="b">Mahd</subfield>
                        </datafield>
                        <datafield ind1="4" ind2="0" tag="856">
                            <subfield code="u">http://sfxeu11.hosted.exlibrisgroup.com/mah?url_ver=Z39.88-2004&amp;ctx_ver=Z39.88-2004&amp;ctx_enc=info:ofi/enc:UTF-8&amp;rfr_id=info:sid/sfxit.com:opac_856&amp;url_ctx_fmt=info:ofi/fmt:kev:mtx:ctx&amp;sfx.ignore_date_threshold=1&amp;rft.object_id=2550000001017407&amp;svc_val_fmt=info:ofi/fmt:kev:mtx:sch_svc&amp;</subfield>
                            <subfield code="z">Online access for Malmö University</subfield>
                            <subfield code="z">EBSCOhost Academic Collection - World Wide:Full Text</subfield>
                        </datafield>
                        <datafield ind1=" " ind2=" " tag="887">
                            <subfield code="a">{"@id":"fnbvj7v3c7lxs56w","modified":"2018-07-02T16:04:26.181+02:00","checksum":"52536001800"}</subfield>
                            <subfield code="2">librisxl</subfield>
                        </datafield>
                    </record>
                </holding>
            </about>
            <about>
                <agent name="Vm"/>
            </about>
        </record>