
        <record>
            <header>
                <identifier>https://libris.kb.se/5ng248bh1bd6j4g</identifier>
                <datestamp>2018-11-14T12:17:24.371Z</datestamp>
                <setSpec>bib</setSpec>
            </header>
            <metadata>
                <record xmlns="http://www.loc.gov/MARC21/slim" type="Bibliographic">
                    <leader>     cam a       7  4500</leader>
                    <controlfield tag="001">804465</controlfield>
                    <controlfield tag="005">20040916131525.0</controlfield>
                    <controlfield tag="008">011211s1972    sw |||||||||||000 ||swe| </controlfield>
                    <datafield ind1=" " ind2=" " tag="020">
                        <subfield code="a">9140017435</subfield>
                    </datafield>
                    <datafield ind1=" " ind2=" " tag="035">
                        <subfield code="9">9908265008</subfield>
                    </datafield>
                    <datafield ind1=" " ind2=" " tag="040">
                        <subfield code="a">Lå</subfield>
                    </datafield>
                    <datafield ind1=" " ind2=" " tag="041">
                        <subfield code="a">swe</subfield>
                    </datafield>
                    <datafield ind1=" " ind2=" " tag="080">
                        <subfield code="a">512.64</subfield>
                    </datafield>
                    <datafield ind1="0" ind2="4" tag="082">
                        <subfield code="a">512.12</subfield>
                        <subfield code="2">23/swe</subfield>
                    </datafield>
                    <datafield ind1=" " ind2=" " tag="084">
                        <subfield code="a">T</subfield>
                        <subfield code="2">kssb</subfield>
                    </datafield>
                    <datafield ind1=" " ind2=" " tag="084">
                        <subfield code="a">QA 184</subfield>
                    </datafield>
                    <datafield ind1=" " ind2=" " tag="084">
                        <subfield code="a">QA 551</subfield>
                    </datafield>
                    <datafield ind1=" " ind2=" " tag="084">
                        <subfield code="a">15-01</subfield>
                    </datafield>
                    <datafield ind1=" " ind2=" " tag="084">
                        <subfield code="a">51-01</subfield>
                    </datafield>
                    <datafield ind1="1" ind2=" " tag="100">
                        <subfield code="a">Hanner, Olof,</subfield>
                        <subfield code="d">1922-</subfield>
                    </datafield>
                    <datafield ind1="1" ind2="0" tag="245">
                        <subfield code="a">Geometri och lineär algebra /</subfield>
                        <subfield code="c">Olof Hanner.</subfield>
                    </datafield>
                    <datafield ind1=" " ind2=" " tag="250">
                        <subfield code="a">[2. uppl.]</subfield>
                    </datafield>
                    <datafield ind1=" " ind2="1" tag="264">
                        <subfield code="a">Lund :</subfield>
                        <subfield code="b">CWK Gleerup,</subfield>
                        <subfield code="c">1972</subfield>
                    </datafield>
                    <datafield ind1=" " ind2="3" tag="264">
                        <subfield code="a">Lund :</subfield>
                        <subfield code="b">Br. Ekstrand</subfield>
                    </datafield>
                    <datafield ind1=" " ind2=" " tag="300">
                        <subfield code="a">248 s.</subfield>
                    </datafield>
                    <datafield ind1=" " ind2="2" tag="976">
                        <subfield code="a">T</subfield>
                        <subfield code="b">Matematik Allmänt</subfield>
                    </datafield>
                    <datafield ind1=" " ind2=" " tag="887">
                        <subfield code="a">{"@id":"5ng248bh1bd6j4g","modified":"2004-09-16T13:15:25+02:00","checksum":"24743405454"}</subfield>
                        <subfield code="2">librisxl</subfield>
                    </datafield>
                </record>
            </metadata>
            <about>
                <holding sigel="Jox" id="37dr7q8855pzf4b">
                    <record xmlns="http://www.loc.gov/MARC21/slim" type="Holdings">
                        <leader>     cx  a       1n 4500</leader>
                        <controlfield tag="001">7545608</controlfield>
                        <controlfield tag="004">804465</controlfield>
                        <controlfield tag="005">20180605140939.0</controlfield>
                        <controlfield tag="008">020110||0000||||4000||||||000000</controlfield>
                        <datafield ind1="1" ind2=" " tag="014">
                            <subfield code="a">9908265008</subfield>
                        </datafield>
                        <datafield ind1=" " ind2=" " tag="852">
                            <subfield code="8">1.1</subfield>
                            <subfield code="b">Jox</subfield>
                            <subfield code="c">RESGEOM</subfield>
                            <subfield code="h">mat</subfield>
                            <subfield code="j">004</subfield>
                        </datafield>
                        <datafield ind1=" " ind2=" " tag="852">
                            <subfield code="8">1.2</subfield>
                            <subfield code="b">Jox</subfield>
                            <subfield code="z">EJ FJÄRRLÅN</subfield>
                        </datafield>
                        <datafield ind1=" " ind2=" " tag="887">
                            <subfield code="a">{"@id":"37dr7q8855pzf4b","modified":"2018-06-05T14:09:39.453+02:00","checksum":"40515140311"}</subfield>
                            <subfield code="2">librisxl</subfield>
                        </datafield>
                    </record>
                </holding>
                <holding sigel="L" id="48fs8r993fwxwc2">
                    <record xmlns="http://www.loc.gov/MARC21/slim" type="Holdings">
                        <leader>     cx  a       1n 4500</leader>
                        <controlfield tag="001">7545609</controlfield>
                        <controlfield tag="004">804465</controlfield>
                        <controlfield tag="005">20180605140939.0</controlfield>
                        <controlfield tag="008">020110||0000||||4000||||||000000</controlfield>
                        <datafield ind1="1" ind2=" " tag="014">
                            <subfield code="a">9908265008</subfield>
                        </datafield>
                        <datafield ind1=" " ind2=" " tag="852">
                            <subfield code="8">1.1</subfield>
                            <subfield code="b">L</subfield>
                            <subfield code="c">0200</subfield>
                            <subfield code="h">T</subfield>
                            <subfield code="j">s73/2</subfield>
                        </datafield>
                        <datafield ind1=" " ind2=" " tag="852">
                            <subfield code="8">1.2</subfield>
                            <subfield code="b">L</subfield>
                            <subfield code="z">2. tr., 1974: T s76/10</subfield>
                        </datafield>
                        <datafield ind1=" " ind2=" " tag="887">
                            <subfield code="a">{"@id":"48fs8r993fwxwc2","modified":"2018-06-05T14:09:39.456+02:00","checksum":"43791415023"}</subfield>
                            <subfield code="2">librisxl</subfield>
                        </datafield>
                    </record>
                </holding>
                <holding sigel="La" id="59gt9sbb5n1pl7c">
                    <record xmlns="http://www.loc.gov/MARC21/slim" type="Holdings">
                        <leader>     cx  a       1n 4500</leader>
                        <controlfield tag="001">7545610</controlfield>
                        <controlfield tag="004">804465</controlfield>
                        <controlfield tag="005">20030129175317.0</controlfield>
                        <controlfield tag="008">020110||0000||||4000||||||000000</controlfield>
                        <datafield ind1="1" ind2=" " tag="014">
                            <subfield code="a">9908265008</subfield>
                        </datafield>
                        <datafield ind1=" " ind2=" " tag="080">
                            <subfield code="a">512.64</subfield>
                        </datafield>
                        <datafield ind1=" " ind2=" " tag="852">
                            <subfield code="b">La</subfield>
                            <subfield code="h">512.64</subfield>
                            <subfield code="j">89/6046</subfield>
                        </datafield>
                        <datafield ind1=" " ind2=" " tag="887">
                            <subfield code="a">{"@id":"59gt9sbb5n1pl7c","modified":"2003-01-29T17:53:17+01:00","checksum":"35741109868"}</subfield>
                            <subfield code="2">librisxl</subfield>
                        </datafield>
                    </record>
                </holding>
                <holding sigel="Mhs" id="6bhvbtcc2z7rgtz">
                    <record xmlns="http://www.loc.gov/MARC21/slim" type="Holdings">
                        <leader>     cx  a       1n 4500</leader>
                        <controlfield tag="001">7545611</controlfield>
                        <controlfield tag="004">804465</controlfield>
                        <controlfield tag="005">20161017121848.0</controlfield>
                        <controlfield tag="008">020110||0000||||4000||||||000000</controlfield>
                        <datafield ind1="1" ind2=" " tag="014">
                            <subfield code="a">9908265008</subfield>
                        </datafield>
                        <datafield ind1=" " ind2=" " tag="852">
                            <subfield code="b">Mhs</subfield>
                        </datafield>
                        <datafield ind1=" " ind2=" " tag="887">
                            <subfield code="a">{"@id":"6bhvbtcc2z7rgtz","modified":"2016-10-17T12:18:48+02:00","checksum":"40131165956"}</subfield>
                            <subfield code="2">librisxl</subfield>
                        </datafield>
                    </record>
                </holding>
                <holding sigel="Q" id="8dkxdwff2jsqwbh">
                    <record xmlns="http://www.loc.gov/MARC21/slim" type="Holdings">
                        <leader>     cx  a       1n 4500</leader>
                        <controlfield tag="001">7545613</controlfield>
                        <controlfield tag="004">804465</controlfield>
                        <controlfield tag="005">20091105102627.0</controlfield>
                        <controlfield tag="008">020110||0000||||4000||||||000000</controlfield>
                        <datafield ind1="1" ind2=" " tag="014">
                            <subfield code="a">9908265008</subfield>
                        </datafield>
                        <datafield ind1=" " ind2=" " tag="084">
                            <subfield code="a">T</subfield>
                            <subfield code="2">kssb/5</subfield>
                        </datafield>
                        <datafield ind1=" " ind2=" " tag="852">
                            <subfield code="b">Q</subfield>
                            <subfield code="c">fos</subfield>
                            <subfield code="h">t 01058</subfield>
                        </datafield>
                        <datafield ind1=" " ind2=" " tag="887">
                            <subfield code="a">{"@id":"8dkxdwff2jsqwbh","modified":"2009-11-05T10:26:27+01:00","checksum":"36812886871"}</subfield>
                            <subfield code="2">librisxl</subfield>
                        </datafield>
                    </record>
                </holding>
                <holding sigel="S" id="9flzfxgg5jgj416">
                    <record xmlns="http://www.loc.gov/MARC21/slim" type="Holdings">
                        <leader>     cx  a       1n 4500</leader>
                        <controlfield tag="001">7545614</controlfield>
                        <controlfield tag="004">804465</controlfield>
                        <controlfield tag="005">20180605140939.0</controlfield>
                        <controlfield tag="008">020110||0000||||4000||||||000000</controlfield>
                        <datafield ind1="1" ind2=" " tag="014">
                            <subfield code="a">9908265008</subfield>
                        </datafield>
                        <datafield ind1=" " ind2=" " tag="084">
                            <subfield code="a">T</subfield>
                            <subfield code="2">kssb</subfield>
                        </datafield>
                        <datafield ind1=" " ind2=" " tag="852">
                            <subfield code="b">S</subfield>
                            <subfield code="h">t72Q</subfield>
                            <subfield code="j">2</subfield>
                        </datafield>
                        <datafield ind1=" " ind2=" " tag="887">
                            <subfield code="a">{"@id":"9flzfxgg5jgj416","modified":"2018-06-05T14:09:39.471+02:00","checksum":"37092796137"}</subfield>
                            <subfield code="2">librisxl</subfield>
                        </datafield>
                    </record>
                </holding>
                <holding sigel="Srek" id="bgm0gzhh32lj29d">
                    <record xmlns="http://www.loc.gov/MARC21/slim" type="Holdings">
                        <leader>     cx  a       1n 4500</leader>
                        <controlfield tag="001">7545615</controlfield>
                        <controlfield tag="004">804465</controlfield>
                        <controlfield tag="005">20180605140939.0</controlfield>
                        <controlfield tag="008">020110||0000||||4000||||||000000</controlfield>
                        <datafield ind1="1" ind2=" " tag="014">
                            <subfield code="a">9908265008</subfield>
                        </datafield>
                        <datafield ind1=" " ind2=" " tag="852">
                            <subfield code="b">Srek</subfield>
                            <subfield code="c">Telef 951006</subfield>
                        </datafield>
                        <datafield ind1=" " ind2=" " tag="887">
                            <subfield code="a">{"@id":"bgm0gzhh32lj29d","modified":"2018-06-05T14:09:39.474+02:00","checksum":"43099708589"}</subfield>
                            <subfield code="2">librisxl</subfield>
                        </datafield>
                    </record>
                </holding>
                <holding sigel="T" id="chn1h0jj0phptjd">
                    <record xmlns="http://www.loc.gov/MARC21/slim" type="Holdings">
                        <leader>     cx  a       1n 4500</leader>
                        <controlfield tag="001">7545616</controlfield>
                        <controlfield tag="004">804465</controlfield>
                        <controlfield tag="005">20130311123757.0</controlfield>
                        <controlfield tag="008">020110||0000||||4000||||||000000</controlfield>
                        <datafield ind1="1" ind2=" " tag="014">
                            <subfield code="a">9908265008</subfield>
                        </datafield>
                        <datafield ind1=" " ind2=" " tag="084">
                            <subfield code="a">AMS 15-01</subfield>
                        </datafield>
                        <datafield ind1=" " ind2=" " tag="084">
                            <subfield code="a">AMS 51-01</subfield>
                        </datafield>
                        <datafield ind1=" " ind2="0" tag="653">
                            <subfield code="a">Linjär algebra</subfield>
                        </datafield>
                        <datafield ind1=" " ind2="0" tag="653">
                            <subfield code="a">Linear algebra</subfield>
                        </datafield>
                        <datafield ind1=" " ind2="0" tag="653">
                            <subfield code="a">Geometri</subfield>
                        </datafield>
                        <datafield ind1=" " ind2="0" tag="653">
                            <subfield code="a">Geometry</subfield>
                        </datafield>
                        <datafield ind1=" " ind2=" " tag="852">
                            <subfield code="b">T</subfield>
                            <subfield code="h">512.5</subfield>
                            <subfield code="j">Hanner</subfield>
                            <subfield code="d">KURS K15</subfield>
                        </datafield>
                        <datafield ind1=" " ind2=" " tag="887">
                            <subfield code="a">{"@id":"chn1h0jj0phptjd","modified":"2013-03-11T12:37:57+01:00","checksum":"56166678558"}</subfield>
                            <subfield code="2">librisxl</subfield>
                        </datafield>
                    </record>
                </holding>
                <holding sigel="Z" id="djp2j1kk2cwmkjl">
                    <record xmlns="http://www.loc.gov/MARC21/slim" type="Holdings">
                        <leader>     cx  a       1n 4500</leader>
                        <controlfield tag="001">7545617</controlfield>
                        <controlfield tag="004">804465</controlfield>
                        <controlfield tag="005">20180605140939.0</controlfield>
                        <controlfield tag="008">020110||0000||||4000||||||000000</controlfield>
                        <datafield ind1="1" ind2=" " tag="014">
                            <subfield code="a">9908265008</subfield>
                        </datafield>
                        <datafield ind1=" " ind2="4" tag="050">
                            <subfield code="a">QA 184</subfield>
                        </datafield>
                        <datafield ind1=" " ind2="4" tag="050">
                            <subfield code="a">QA 551</subfield>
                        </datafield>
                        <datafield ind1=" " ind2=" " tag="852">
                            <subfield code="8">1.1</subfield>
                            <subfield code="b">Z</subfield>
                            <subfield code="h">qa Hanner (1972)</subfield>
                        </datafield>
                        <datafield ind1=" " ind2=" " tag="852">
                            <subfield code="8">1.2</subfield>
                            <subfield code="b">Z</subfield>
                            <subfield code="h">qa Hanner (1974)</subfield>
                        </datafield>
                        <datafield ind1=" " ind2=" " tag="887">
                            <subfield code="a">{"@id":"djp2j1kk2cwmkjl","modified":"2018-06-05T14:09:39.48+02:00","checksum":"48245038671"}</subfield>
                            <subfield code="2">librisxl</subfield>
                        </datafield>
                    </record>
                </holding>
                <holding sigel="U" id="15dff1263gfgqh4">
                    <record xmlns="http://www.loc.gov/MARC21/slim" type="Holdings">
                        <leader>     cx  a       4n 4500</leader>
                        <controlfield tag="001">49082286</controlfield>
                        <controlfield tag="004">804465</controlfield>
                        <controlfield tag="005">20160622111733.0</controlfield>
                        <controlfield tag="008">1606224|00008|||1001|||||0901128</controlfield>
                        <datafield ind1=" " ind2=" " tag="500">
                            <subfield code="a">Hit även 2. uppl 2. tr. 1974.</subfield>
                        </datafield>
                        <datafield ind1=" " ind2=" " tag="852">
                            <subfield code="b">U</subfield>
                            <subfield code="c">Sv</subfield>
                            <subfield code="h">T</subfield>
                            <subfield code="j">q 23</subfield>
                            <subfield code="z">Hit även 2. uppl 2. tr. 1974.</subfield>
                        </datafield>
                        <datafield ind1=" " ind2=" " tag="949">
                            <subfield code="A">VIRTUAITEM</subfield>
                            <subfield code="D">10000</subfield>
                            <subfield code="F">1</subfield>
                            <subfield code="G">10000</subfield>
                            <subfield code="X">1</subfield>
                            <subfield code="6">16000000660041</subfield>
                            <subfield code="a">Sv T q 23</subfield>
                            <subfield code="p">k63</subfield>
                            <subfield code="t">YNNNN</subfield>
                        </datafield>
                        <datafield ind1=" " ind2=" " tag="887">
                            <subfield code="a">{"@id":"15dff1263gfgqh4","modified":"2016-06-22T11:17:33+02:00","checksum":"64818701655"}</subfield>
                            <subfield code="2">librisxl</subfield>
                        </datafield>
                    </record>
                </holding>
                <holding sigel="Lma" id="t387pr3pr41p41kl">
                    <record xmlns="http://www.loc.gov/MARC21/slim" type="Holdings">
                        <leader>     nx  a       |n 4500</leader>
                        <controlfield tag="001">t387pr3pr41p41kl</controlfield>
                        <controlfield tag="004">804465</controlfield>
                        <controlfield tag="005">20181114131809.0</controlfield>
                        <controlfield tag="008">181114||0000|||||000||||||000000</controlfield>
                        <datafield ind1=" " ind2=" " tag="852">
                            <subfield code="b">Lma</subfield>
                            <subfield code="h">15-01</subfield>
                            <subfield code="j">Hanner.</subfield>
                            <subfield code="x">adu</subfield>
                        </datafield>
                        <datafield ind1=" " ind2=" " tag="887">
                            <subfield code="a">{"@id":"t387pr3pr41p41kl","modified":"2018-11-14T13:18:09.869+01:00","checksum":"18223405869"}</subfield>
                            <subfield code="2">librisxl</subfield>
                        </datafield>
                    </record>
                </holding>
                <holding sigel="Hib" id="26cq6p772l4gkn3">
                    <record xmlns="http://www.loc.gov/MARC21/slim" type="Holdings">
                        <leader>     cx  a       1n 4500</leader>
                        <controlfield tag="001">7545607</controlfield>
                        <controlfield tag="004">804465</controlfield>
                        <controlfield tag="005">20180605140939.0</controlfield>
                        <controlfield tag="008">020110||0000||||4000||||||000000</controlfield>
                        <datafield ind1="1" ind2=" " tag="014">
                            <subfield code="a">9908265008</subfield>
                        </datafield>
                        <datafield ind1=" " ind2=" " tag="084">
                            <subfield code="a">Tche</subfield>
                            <subfield code="2">kssb/6</subfield>
                        </datafield>
                        <datafield ind1=" " ind2=" " tag="084">
                            <subfield code="a">Tel</subfield>
                            <subfield code="2">kssb/6</subfield>
                        </datafield>
                        <datafield ind1=" " ind2=" " tag="084">
                            <subfield code="a">Tea</subfield>
                            <subfield code="2">kssb/6</subfield>
                        </datafield>
                        <datafield ind1=" " ind2=" " tag="852">
                            <subfield code="8">1.1</subfield>
                            <subfield code="b">Hib</subfield>
                            <subfield code="h">Tc</subfield>
                        </datafield>
                        <datafield ind1=" " ind2=" " tag="852">
                            <subfield code="8">1.2</subfield>
                            <subfield code="b">Hib</subfield>
                            <subfield code="z">Ex. 1</subfield>
                        </datafield>
                        <datafield ind1=" " ind2=" " tag="887">
                            <subfield code="a">{"@id":"26cq6p772l4gkn3","modified":"2018-06-05T14:09:39.449+02:00","checksum":"37097921531"}</subfield>
                            <subfield code="2">librisxl</subfield>
                        </datafield>
                    </record>
                </holding>
            </about>
            <about>
                <agent name="Lma"/>
            </about>
        </record>