
        <record>
            <header>
                <identifier>https://libris.kb.se/k2vflwhw40wj0kw</identifier>
                <datestamp>2018-11-14T12:28:47.320Z</datestamp>
                <setSpec>bib</setSpec>
            </header>
            <metadata>
                <record xmlns="http://www.loc.gov/MARC21/slim" type="Bibliographic">
                    <leader>     cam a       7  4500</leader>
                    <controlfield tag="001">27567</controlfield>
                    <controlfield tag="005">20181114125206.0</controlfield>
                    <controlfield tag="008">011211s1972    sw |||||||||||000 ||swe| </controlfield>
                    <datafield ind1=" " ind2=" " tag="035">
                        <subfield code="9">9900247647</subfield>
                    </datafield>
                    <datafield ind1=" " ind2=" " tag="040">
                        <subfield code="a">Li</subfield>
                    </datafield>
                    <datafield ind1=" " ind2=" " tag="041">
                        <subfield code="a">swe</subfield>
                    </datafield>
                    <datafield ind1=" " ind2=" " tag="080">
                        <subfield code="a">512.64</subfield>
                    </datafield>
                    <datafield ind1="0" ind2="4" tag="082">
                        <subfield code="a">512.12 ?</subfield>
                        <subfield code="2">23/swe</subfield>
                    </datafield>
                    <datafield ind1=" " ind2=" " tag="084">
                        <subfield code="a">QA 184</subfield>
                    </datafield>
                    <datafield ind1=" " ind2=" " tag="084">
                        <subfield code="a">QA 551</subfield>
                    </datafield>
                    <datafield ind1=" " ind2=" " tag="084">
                        <subfield code="a">15-01</subfield>
                    </datafield>
                    <datafield ind1=" " ind2=" " tag="084">
                        <subfield code="a">00A07</subfield>
                    </datafield>
                    <datafield ind1=" " ind2=" " tag="084">
                        <subfield code="a">51-01</subfield>
                    </datafield>
                    <datafield ind1=" " ind2=" " tag="084">
                        <subfield code="a">Tc</subfield>
                        <subfield code="2">kssb/5</subfield>
                    </datafield>
                    <datafield ind1=" " ind2=" " tag="084">
                        <subfield code="a">Te</subfield>
                        <subfield code="2">kssb/5</subfield>
                    </datafield>
                    <datafield ind1="1" ind2=" " tag="100">
                        <subfield code="a">Hanner, Olof,</subfield>
                        <subfield code="d">1922-</subfield>
                    </datafield>
                    <datafield ind1="0" ind2="0" tag="245">
                        <subfield code="a">Geometri och lineär algebra :</subfield>
                        <subfield code="b">arbetsbok /</subfield>
                        <subfield code="c">Olof Hanner.</subfield>
                    </datafield>
                    <datafield ind1=" " ind2="1" tag="264">
                        <subfield code="a">Lund :</subfield>
                        <subfield code="b">CWK Gleerup,</subfield>
                        <subfield code="c">1972</subfield>
                    </datafield>
                    <datafield ind1=" " ind2=" " tag="300">
                        <subfield code="a">176 s.</subfield>
                    </datafield>
                    <datafield ind1=" " ind2="2" tag="976">
                        <subfield code="a">Tc</subfield>
                        <subfield code="b">Algebra Allmänt</subfield>
                    </datafield>
                    <datafield ind1=" " ind2="2" tag="976">
                        <subfield code="a">Te</subfield>
                        <subfield code="b">Geometri Allmänt</subfield>
                    </datafield>
                    <datafield ind1=" " ind2=" " tag="887">
                        <subfield code="a">{"@id":"k2vflwhw40wj0kw","modified":"2018-11-14T12:52:06.86+01:00","checksum":"15758283047"}</subfield>
                        <subfield code="2">librisxl</subfield>
                    </datafield>
                </record>
            </metadata>
            <about>
                <holding sigel="La" id="fkq0jjvl5c7q8zr">
                    <record xmlns="http://www.loc.gov/MARC21/slim" type="Holdings">
                        <leader>     cx  a       1n 4500</leader>
                        <controlfield tag="001">5101458</controlfield>
                        <controlfield tag="004">27567</controlfield>
                        <controlfield tag="005">20030123160549.0</controlfield>
                        <controlfield tag="008">020110||0000||||4000||||||000000</controlfield>
                        <datafield ind1="1" ind2=" " tag="014">
                            <subfield code="a">9900247647</subfield>
                        </datafield>
                        <datafield ind1=" " ind2=" " tag="080">
                            <subfield code="a">512.64</subfield>
                        </datafield>
                        <datafield ind1=" " ind2=" " tag="852">
                            <subfield code="b">La</subfield>
                            <subfield code="h">512.64</subfield>
                            <subfield code="j">89/6045</subfield>
                        </datafield>
                        <datafield ind1=" " ind2=" " tag="887">
                            <subfield code="a">{"@id":"fkq0jjvl5c7q8zr","modified":"2003-01-23T16:05:49+01:00","checksum":"19949132558"}</subfield>
                            <subfield code="2">librisxl</subfield>
                        </datafield>
                    </record>
                </holding>
                <holding sigel="Lma" id="z7dcr175wff6d734">
                    <record xmlns="http://www.loc.gov/MARC21/slim" type="Holdings">
                        <leader>     nx  a       |n 4500</leader>
                        <controlfield tag="001">z7dcr175wff6d734</controlfield>
                        <controlfield tag="004">27567</controlfield>
                        <controlfield tag="005">20181114125257.0</controlfield>
                        <controlfield tag="008">181114||0000|||||000||||||000000</controlfield>
                        <datafield ind1=" " ind2=" " tag="852">
                            <subfield code="b">Lma</subfield>
                            <subfield code="h">15-01</subfield>
                            <subfield code="j">Hanner.</subfield>
                            <subfield code="x">adu</subfield>
                        </datafield>
                        <datafield ind1=" " ind2=" " tag="887">
                            <subfield code="a">{"@id":"z7dcr175wff6d734","modified":"2018-11-14T12:52:57.272+01:00","checksum":"10231456718"}</subfield>
                            <subfield code="2">librisxl</subfield>
                        </datafield>
                    </record>
                </holding>
                <holding sigel="L" id="chnxggsj09r7n2q">
                    <record xmlns="http://www.loc.gov/MARC21/slim" type="Holdings">
                        <leader>     cx  a       1n 4500</leader>
                        <controlfield tag="001">5101456</controlfield>
                        <controlfield tag="004">27567</controlfield>
                        <controlfield tag="005">20180605124716.0</controlfield>
                        <controlfield tag="008">020110||0000||||4000||||||000000</controlfield>
                        <datafield ind1="1" ind2=" " tag="014">
                            <subfield code="a">9900247647</subfield>
                        </datafield>
                        <datafield ind1=" " ind2=" " tag="852">
                            <subfield code="b">L</subfield>
                            <subfield code="c">0200</subfield>
                            <subfield code="h">T</subfield>
                            <subfield code="j">s73/10</subfield>
                        </datafield>
                        <datafield ind1=" " ind2=" " tag="887">
                            <subfield code="a">{"@id":"chnxggsj09r7n2q","modified":"2018-06-05T12:47:16.108+02:00","checksum":"19908400187"}</subfield>
                            <subfield code="2">librisxl</subfield>
                        </datafield>
                    </record>
                </holding>
                <holding sigel="U" id="glr1kkwm3mgtqxm">
                    <record xmlns="http://www.loc.gov/MARC21/slim" type="Holdings">
                        <leader>     cx  a       1n 4500</leader>
                        <controlfield tag="001">5101459</controlfield>
                        <controlfield tag="004">27567</controlfield>
                        <controlfield tag="005">20180605124716.0</controlfield>
                        <controlfield tag="008">020110||0000||||4000||||||000000</controlfield>
                        <datafield ind1="1" ind2=" " tag="014">
                            <subfield code="a">9900247647</subfield>
                        </datafield>
                        <datafield ind1=" " ind2=" " tag="084">
                            <subfield code="a">Tc</subfield>
                            <subfield code="2">kssb/5</subfield>
                        </datafield>
                        <datafield ind1=" " ind2=" " tag="084">
                            <subfield code="a">Te</subfield>
                            <subfield code="2">kssb/5</subfield>
                        </datafield>
                        <datafield ind1=" " ind2=" " tag="852">
                            <subfield code="b">U</subfield>
                            <subfield code="c">Sv</subfield>
                            <subfield code="h">T</subfield>
                            <subfield code="j">q, 23</subfield>
                        </datafield>
                        <datafield ind1=" " ind2=" " tag="876">
                            <subfield code="z">Ex. 1</subfield>
                            <subfield code="z">Ex. 2: 2. uppl., 2. tr., 1974</subfield>
                        </datafield>
                        <datafield ind1=" " ind2=" " tag="887">
                            <subfield code="a">{"@id":"glr1kkwm3mgtqxm","modified":"2018-06-05T12:47:16.116+02:00","checksum":"30062950392"}</subfield>
                            <subfield code="2">librisxl</subfield>
                        </datafield>
                    </record>
                </holding>
                <holding sigel="Um" id="hms2llxn4p3mtd8">
                    <record xmlns="http://www.loc.gov/MARC21/slim" type="Holdings">
                        <leader>     cx  a       1n 4500</leader>
                        <controlfield tag="001">5101460</controlfield>
                        <controlfield tag="004">27567</controlfield>
                        <controlfield tag="005">20180605124716.0</controlfield>
                        <controlfield tag="008">020110||0000||||4000||||||000000</controlfield>
                        <datafield ind1="1" ind2=" " tag="014">
                            <subfield code="a">9900247647</subfield>
                        </datafield>
                        <datafield ind1=" " ind2=" " tag="852">
                            <subfield code="b">Um</subfield>
                        </datafield>
                        <datafield ind1=" " ind2=" " tag="887">
                            <subfield code="a">{"@id":"hms2llxn4p3mtd8","modified":"2018-06-05T12:47:16.119+02:00","checksum":"18481048343"}</subfield>
                            <subfield code="2">librisxl</subfield>
                        </datafield>
                    </record>
                </holding>
                <holding sigel="Z" id="jnt3mmzp49c3sk4">
                    <record xmlns="http://www.loc.gov/MARC21/slim" type="Holdings">
                        <leader>     cx  a       1n 4500</leader>
                        <controlfield tag="001">5101461</controlfield>
                        <controlfield tag="004">27567</controlfield>
                        <controlfield tag="005">20180605124716.0</controlfield>
                        <controlfield tag="008">020110||0000||||4000||||||000000</controlfield>
                        <datafield ind1="1" ind2=" " tag="014">
                            <subfield code="a">9900247647</subfield>
                        </datafield>
                        <datafield ind1=" " ind2="4" tag="050">
                            <subfield code="a">QA 184</subfield>
                        </datafield>
                        <datafield ind1=" " ind2="4" tag="050">
                            <subfield code="a">QA 551</subfield>
                        </datafield>
                        <datafield ind1=" " ind2=" " tag="852">
                            <subfield code="b">Z</subfield>
                            <subfield code="h">qa</subfield>
                            <subfield code="t">A-B</subfield>
                        </datafield>
                        <datafield ind1=" " ind2=" " tag="887">
                            <subfield code="a">{"@id":"jnt3mmzp49c3sk4","modified":"2018-06-05T12:47:16.121+02:00","checksum":"26655249789"}</subfield>
                            <subfield code="2">librisxl</subfield>
                        </datafield>
                    </record>
                </holding>
                <holding sigel="Hib" id="9flvddqg54qr554">
                    <record xmlns="http://www.loc.gov/MARC21/slim" type="Holdings">
                        <leader>     cx  a       1n 4500</leader>
                        <controlfield tag="001">5101454</controlfield>
                        <controlfield tag="004">27567</controlfield>
                        <controlfield tag="005">20180605124716.0</controlfield>
                        <controlfield tag="008">020110||0000||||4000||||||000000</controlfield>
                        <datafield ind1="1" ind2=" " tag="014">
                            <subfield code="a">9900247647</subfield>
                        </datafield>
                        <datafield ind1=" " ind2=" " tag="084">
                            <subfield code="a">Tche</subfield>
                            <subfield code="2">kssb/6</subfield>
                        </datafield>
                        <datafield ind1=" " ind2=" " tag="084">
                            <subfield code="a">Tel</subfield>
                            <subfield code="2">kssb/6</subfield>
                        </datafield>
                        <datafield ind1=" " ind2=" " tag="084">
                            <subfield code="a">Tea</subfield>
                            <subfield code="2">kssb/6</subfield>
                        </datafield>
                        <datafield ind1=" " ind2=" " tag="852">
                            <subfield code="8">1.1</subfield>
                            <subfield code="b">Hib</subfield>
                            <subfield code="h">Tc</subfield>
                        </datafield>
                        <datafield ind1=" " ind2=" " tag="852">
                            <subfield code="8">1.2</subfield>
                            <subfield code="b">Hib</subfield>
                            <subfield code="z">Ex. 1</subfield>
                        </datafield>
                        <datafield ind1=" " ind2=" " tag="887">
                            <subfield code="a">{"@id":"9flvddqg54qr554","modified":"2018-06-05T12:47:16.103+02:00","checksum":"24363038476"}</subfield>
                            <subfield code="2">librisxl</subfield>
                        </datafield>
                    </record>
                </holding>
            </about>
            <about>
                <agent name="Lma"/>
            </about>
        </record>