
        <record>
            <header>
                <identifier>https://libris.kb.se/0jbsvc0b28vqmms</identifier>
                <datestamp>2018-11-14T13:11:56.243Z</datestamp>
                <setSpec>bib</setSpec>
            </header>
            <metadata>
                <record xmlns="http://www.loc.gov/MARC21/slim" type="Bibliographic">
                    <leader>     cam a       7  4500</leader>
                    <controlfield tag="001">22573510</controlfield>
                    <controlfield tag="005">20180829133627.0</controlfield>
                    <controlfield tag="008">180418s2018    sw |||||||||||000 ||swe|d</controlfield>
                    <datafield ind1=" " ind2=" " tag="020">
                        <subfield code="a">9789198123883</subfield>
                        <subfield code="q">häftad</subfield>
                    </datafield>
                    <datafield ind1=" " ind2=" " tag="035">
                        <subfield code="a">(BOKR)9789198123883</subfield>
                    </datafield>
                    <datafield ind1=" " ind2=" " tag="040">
                        <subfield code="a">BOKR</subfield>
                        <subfield code="b">swe</subfield>
                        <subfield code="d">L</subfield>
                        <subfield code="e">rda</subfield>
                    </datafield>
                    <datafield ind1=" " ind2=" " tag="041">
                        <subfield code="a">swe</subfield>
                    </datafield>
                    <datafield ind1="0" ind2="4" tag="082">
                        <subfield code="a">331.25609485</subfield>
                        <subfield code="2">23/swe</subfield>
                    </datafield>
                    <datafield ind1="1" ind2="0" tag="245">
                        <subfield code="a">Arbetsmiljö :</subfield>
                        <subfield code="b">handbok för chefer och skyddsombud /</subfield>
                        <subfield code="c">Georg Frick.</subfield>
                    </datafield>
                    <datafield ind1=" " ind2="1" tag="264">
                        <subfield code="a">Lidingö :</subfield>
                        <subfield code="b">Frick Publishing ,</subfield>
                        <subfield code="c">2018</subfield>
                    </datafield>
                    <datafield ind1=" " ind2=" " tag="300">
                        <subfield code="a">197 sidor</subfield>
                        <subfield code="c">21 cm</subfield>
                    </datafield>
                    <datafield ind1=" " ind2=" " tag="336">
                        <subfield code="b">txt</subfield>
                        <subfield code="2">rdacontent</subfield>
                    </datafield>
                    <datafield ind1=" " ind2=" " tag="337">
                        <subfield code="b">n</subfield>
                        <subfield code="2">rdamedia</subfield>
                    </datafield>
                    <datafield ind1=" " ind2=" " tag="338">
                        <subfield code="b">nc</subfield>
                        <subfield code="2">rdacarrier</subfield>
                    </datafield>
                    <datafield ind1=" " ind2=" " tag="340">
                        <subfield code="b">21 cm</subfield>
                    </datafield>
                    <datafield ind1=" " ind2=" " tag="887">
                        <subfield code="a">{"@id":"0jbsvc0b28vqmms","modified":"2018-08-29T13:36:27.544+02:00","checksum":"22614865309"}</subfield>
                        <subfield code="2">librisxl</subfield>
                    </datafield>
                </record>
            </metadata>
            <about>
                <holding sigel="L" id="fpvvff9fc71pw6dq">
                    <record xmlns="http://www.loc.gov/MARC21/slim" type="Holdings">
                        <leader>     nx  a       |n 4500</leader>
                        <controlfield tag="001">fpvvff9fc71pw6dq</controlfield>
                        <controlfield tag="004">22573510</controlfield>
                        <controlfield tag="005">20181114141319.0</controlfield>
                        <controlfield tag="008">181114||0000|||||000||||||000000</controlfield>
                        <datafield ind1=" " ind2=" " tag="852">
                            <subfield code="b">L</subfield>
                            <subfield code="h">b18/</subfield>
                            <subfield code="j">7007</subfield>
                            <subfield code="x">åh</subfield>
                        </datafield>
                        <datafield ind1=" " ind2=" " tag="887">
                            <subfield code="a">{"@id":"fpvvff9fc71pw6dq","modified":"2018-11-14T14:13:19.277+01:00","checksum":"8038584496"}</subfield>
                            <subfield code="2">librisxl</subfield>
                        </datafield>
                    </record>
                </holding>
                <holding sigel="BOKR" id="x29r5n9352b460m">
                    <record xmlns="http://www.loc.gov/MARC21/slim" type="Holdings">
                        <leader>     cx  a       1n 4500</leader>
                        <controlfield tag="001">59469483</controlfield>
                        <controlfield tag="004">22573510</controlfield>
                        <controlfield tag="005">20180702124624.0</controlfield>
                        <controlfield tag="008">180418||0000|||||000||||||000000</controlfield>
                        <datafield ind1=" " ind2=" " tag="852">
                            <subfield code="b">BOKR</subfield>
                        </datafield>
                        <datafield ind1=" " ind2=" " tag="887">
                            <subfield code="a">{"@id":"x29r5n9352b460m","modified":"2018-07-02T12:46:24.872+02:00","checksum":"26085082160"}</subfield>
                            <subfield code="2">librisxl</subfield>
                        </datafield>
                    </record>
                </holding>
                <holding sigel="Z" id="4d7cbcfp2bcq45br">
                    <record xmlns="http://www.loc.gov/MARC21/slim" type="Holdings">
                        <leader>     cx  a       |n 4500</leader>
                        <controlfield tag="001">4d7cbcfp2bcq45br</controlfield>
                        <controlfield tag="004">22573510</controlfield>
                        <controlfield tag="005">20180829133658.0</controlfield>
                        <controlfield tag="008">180820||0000|||||000||||||000000</controlfield>
                        <datafield ind1=" " ind2=" " tag="852">
                            <subfield code="b">Z</subfield>
                            <subfield code="c"/>
                            <subfield code="h">h</subfield>
                        </datafield>
                        <datafield ind1=" " ind2=" " tag="887">
                            <subfield code="a">{"@id":"4d7cbcfp2bcq45br","modified":"2018-08-29T13:36:58.72+02:00","checksum":"-9420555488"}</subfield>
                            <subfield code="2">librisxl</subfield>
                        </datafield>
                    </record>
                </holding>
            </about>
            <about>
                <agent name="L"/>
            </about>
        </record>