
        <record>
            <header status="deleted">
                <identifier>https://libris.kb.se/pzz3k1ckmb5tdqsc</identifier>
                <datestamp>2018-11-14T13:19:47.982Z</datestamp>
                <setSpec>bib</setSpec>
            </header>
            <metadata>
                <record xmlns="http://www.loc.gov/MARC21/slim" type="Bibliographic">
                    <leader>     dam a       8  4500</leader>
                    <controlfield tag="001">pzz3k1ckmb5tdqsc</controlfield>
                    <controlfield tag="005">20181003095344.0</controlfield>
                    <controlfield tag="008">181003s2018    xx |||||||||||000 ||eng|d</controlfield>
                    <datafield ind1=" " ind2=" " tag="020">
                        <subfield code="a">9781138032811</subfield>
                        <subfield code="q">inbunden</subfield>
                    </datafield>
                    <datafield ind1=" " ind2=" " tag="035">
                        <subfield code="a">(BOKR)9781138032811</subfield>
                    </datafield>
                    <datafield ind1=" " ind2=" " tag="040">
                        <subfield code="a">BOKR</subfield>
                    </datafield>
                    <datafield ind1=" " ind2=" " tag="041">
                        <subfield code="a">eng</subfield>
                    </datafield>
                    <datafield ind1="1" ind2="0" tag="245">
                        <subfield code="a">Bioenergy and biofuels</subfield>
                    </datafield>
                    <datafield ind1=" " ind2=" " tag="263">
                        <subfield code="a">201801</subfield>
                    </datafield>
                    <datafield ind1=" " ind2="1" tag="264">
                        <subfield code="b">Taylor &amp; Francis Ltd,</subfield>
                        <subfield code="c">2018</subfield>
                    </datafield>
                    <datafield ind1=" " ind2=" " tag="300">
                        <subfield code="a">485 sidor</subfield>
                        <subfield code="c">16.5 cm</subfield>
                    </datafield>
                    <datafield ind1=" " ind2=" " tag="336">
                        <subfield code="b">txt</subfield>
                        <subfield code="2">rdacontent</subfield>
                    </datafield>
                    <datafield ind1=" " ind2=" " tag="337">
                        <subfield code="b">n</subfield>
                        <subfield code="2">rdamedia</subfield>
                    </datafield>
                    <datafield ind1=" " ind2=" " tag="338">
                        <subfield code="b">nc</subfield>
                        <subfield code="2">rdacarrier</subfield>
                    </datafield>
                    <datafield ind1=" " ind2=" " tag="340">
                        <subfield code="b">16.5 cm</subfield>
                    </datafield>
                    <datafield ind1=" " ind2=" " tag="599">
                        <subfield code="a">Maskinellt genererad post. Ändra kod för fullständighetsnivå (leader/17), annars kommer manuellt gjorda ändringar att försvinna.</subfield>
                    </datafield>
                    <datafield ind1="1" ind2=" " tag="700">
                        <subfield code="a">Konur, Ozcan</subfield>
                        <subfield code="4">editor</subfield>
                    </datafield>
                    <datafield ind1=" " ind2=" " tag="887">
                        <subfield code="a">{"@id":"pzz3k1ckmb5tdqsc","modified":"2018-10-03T09:53:44.691+02:00","checksum":"17016900508"}</subfield>
                        <subfield code="2">librisxl</subfield>
                    </datafield>
                </record>
            </metadata>
            <about/>
            <about>
                <agent name="Z"/>
            </about>
        </record>