
        <record>
            <header>
                <identifier>https://libris.kb.se/w5bbwdk3tl14h26q</identifier>
                <datestamp>2018-11-14T13:24:26.135Z</datestamp>
                <setSpec>bib</setSpec>
            </header>
            <metadata>
                <record xmlns="http://www.loc.gov/MARC21/slim" type="Bibliographic">
                    <leader>     cam a       7  4500</leader>
                    <controlfield tag="001">w5bbwdk3tl14h26q</controlfield>
                    <controlfield tag="003">OCoLC</controlfield>
                    <controlfield tag="005">20181114142351.0</controlfield>
                    <controlfield tag="008">181114s2018    flu|||||||||||000 ||eng| </controlfield>
                    <datafield ind1=" " ind2=" " tag="010">
                        <subfield code="a">2017053960</subfield>
                    </datafield>
                    <datafield ind1=" " ind2=" " tag="020">
                        <subfield code="a">9781138032811</subfield>
                        <subfield code="q">(hardback ;</subfield>
                        <subfield code="q">alk. paper)</subfield>
                    </datafield>
                    <datafield ind1=" " ind2=" " tag="020">
                        <subfield code="a">1138032816</subfield>
                    </datafield>
                    <datafield ind1=" " ind2=" " tag="020">
                        <subfield code="z">9781351228138</subfield>
                    </datafield>
                    <datafield ind1=" " ind2=" " tag="020">
                        <subfield code="q">(ebook)</subfield>
                        <subfield code="z">9781351228138</subfield>
                    </datafield>
                    <datafield ind1=" " ind2=" " tag="040">
                        <subfield code="a">Z</subfield>
                        <subfield code="b">eng</subfield>
                        <subfield code="c">DLC</subfield>
                        <subfield code="e">rda</subfield>
                    </datafield>
                    <datafield ind1=" " ind2=" " tag="041">
                        <subfield code="a">eng</subfield>
                    </datafield>
                    <datafield ind1=" " ind2=" " tag="042">
                        <subfield code="a">pcc</subfield>
                    </datafield>
                    <datafield ind1="0" ind2="0" tag="050">
                        <subfield code="a">TP339</subfield>
                        <subfield code="b">.K665 2018</subfield>
                    </datafield>
                    <datafield ind1="0" ind2="0" tag="082">
                        <subfield code="a">662/.88</subfield>
                        <subfield code="2">23</subfield>
                    </datafield>
                    <datafield ind1="1" ind2=" " tag="100">
                        <subfield code="a">Konur, Ozcan</subfield>
                        <subfield code="e">author.</subfield>
                    </datafield>
                    <datafield ind1="1" ind2="0" tag="245">
                        <subfield code="a">Bioenergy and biofuels /</subfield>
                        <subfield code="c">Ozcan Konur.</subfield>
                    </datafield>
                    <datafield ind1=" " ind2="1" tag="264">
                        <subfield code="c">2018</subfield>
                    </datafield>
                    <datafield ind1=" " ind2="1" tag="264">
                        <subfield code="a">Boca Raton :</subfield>
                        <subfield code="b">Taylor &amp; Francis, CRC Press,</subfield>
                        <subfield code="c">2018.</subfield>
                    </datafield>
                    <datafield ind1=" " ind2=" " tag="300">
                        <subfield code="a">485 pages </subfield>
                    </datafield>
                    <datafield ind1=" " ind2=" " tag="500">
                        <subfield code="a">Includes index.</subfield>
                    </datafield>
                    <datafield ind1=" " ind2=" " tag="599">
                        <subfield code="a">Imported from: zcat.oclc.org:210/OLUCWorldCat (Do not remove)</subfield>
                    </datafield>
                    <datafield ind1=" " ind2="0" tag="650">
                        <subfield code="a">Biomass energy.</subfield>
                    </datafield>
                    <datafield ind1=" " ind2="7" tag="650">
                        <subfield code="a">Biomass energy.</subfield>
                        <subfield code="2">fast</subfield>
                    </datafield>
                    <datafield ind1=" " ind2=" " tag="887">
                        <subfield code="a">{"@id":"w5bbwdk3tl14h26q","modified":"2018-11-14T14:23:51.811+01:00","checksum":"30790676990"}</subfield>
                        <subfield code="2">librisxl</subfield>
                    </datafield>
                </record>
            </metadata>
            <about>
                <holding sigel="Z" id="blrrcjq68zb3k87l">
                    <record xmlns="http://www.loc.gov/MARC21/slim" type="Holdings">
                        <leader>     nx  a       |n 4500</leader>
                        <controlfield tag="001">blrrcjq68zb3k87l</controlfield>
                        <controlfield tag="005">20181114142919.0</controlfield>
                        <controlfield tag="008">181114||0000|||||000||||||000000</controlfield>
                        <datafield ind1=" " ind2=" " tag="852">
                            <subfield code="b">Z</subfield>
                            <subfield code="h">TPb</subfield>
                        </datafield>
                        <datafield ind1=" " ind2=" " tag="887">
                            <subfield code="a">{"@id":"blrrcjq68zb3k87l","modified":"2018-11-14T14:29:19.509+01:00","checksum":"36976532611"}</subfield>
                            <subfield code="2">librisxl</subfield>
                        </datafield>
                    </record>
                </holding>
            </about>
            <about>
                <agent name="Z"/>
            </about>
        </record>