
        <record>
            <header status="deleted">
                <identifier>https://libris.kb.se/x66cdt6sv1csq1l2</identifier>
                <datestamp>2018-11-14T13:43:19.264Z</datestamp>
                <setSpec>bib</setSpec>
            </header>
            <metadata>
                <record xmlns="http://www.loc.gov/MARC21/slim" type="Bibliographic">
                    <leader>     dam a       8  4500</leader>
                    <controlfield tag="001">x66cdt6sv1csq1l2</controlfield>
                    <controlfield tag="005">20181003140412.0</controlfield>
                    <controlfield tag="008">181003s2017    xx |||||||||||000 ||eng|d</controlfield>
                    <datafield ind1=" " ind2=" " tag="020">
                        <subfield code="a">9783319417080</subfield>
                        <subfield code="q">inbunden</subfield>
                    </datafield>
                    <datafield ind1=" " ind2=" " tag="035">
                        <subfield code="a">(BOKR)9783319417080</subfield>
                    </datafield>
                    <datafield ind1=" " ind2=" " tag="040">
                        <subfield code="a">BOKR</subfield>
                    </datafield>
                    <datafield ind1=" " ind2=" " tag="041">
                        <subfield code="a">eng</subfield>
                    </datafield>
                    <datafield ind1="1" ind2=" " tag="100">
                        <subfield code="a">Terning, John</subfield>
                        <subfield code="4">author</subfield>
                    </datafield>
                    <datafield ind1="1" ind2="0" tag="245">
                        <subfield code="a">Quantum physics, mini black holes, and the multiverse - debunking common mi</subfield>
                    </datafield>
                    <datafield ind1=" " ind2=" " tag="263">
                        <subfield code="a">201708</subfield>
                    </datafield>
                    <datafield ind1=" " ind2="1" tag="264">
                        <subfield code="b">Springer International Publish,</subfield>
                        <subfield code="c">2017</subfield>
                    </datafield>
                    <datafield ind1=" " ind2=" " tag="300">
                        <subfield code="a">212 sidor</subfield>
                        <subfield code="c">21.7 cm</subfield>
                    </datafield>
                    <datafield ind1=" " ind2=" " tag="336">
                        <subfield code="b">txt</subfield>
                        <subfield code="2">rdacontent</subfield>
                    </datafield>
                    <datafield ind1=" " ind2=" " tag="337">
                        <subfield code="b">n</subfield>
                        <subfield code="2">rdamedia</subfield>
                    </datafield>
                    <datafield ind1=" " ind2=" " tag="338">
                        <subfield code="b">nc</subfield>
                        <subfield code="2">rdacarrier</subfield>
                    </datafield>
                    <datafield ind1=" " ind2=" " tag="340">
                        <subfield code="b">21.7 cm</subfield>
                    </datafield>
                    <datafield ind1="0" ind2=" " tag="490">
                        <subfield code="a">MULTIVERSAL JOURNEYS</subfield>
                    </datafield>
                    <datafield ind1=" " ind2=" " tag="599">
                        <subfield code="a">Maskinellt genererad post. Ändra kod för fullständighetsnivå (leader/17), annars kommer manuellt gjorda ändringar att försvinna.</subfield>
                    </datafield>
                    <datafield ind1="1" ind2=" " tag="700">
                        <subfield code="a">Nekoogar, Farzad</subfield>
                        <subfield code="4">editor</subfield>
                    </datafield>
                    <datafield ind1=" " ind2=" " tag="887">
                        <subfield code="a">{"@id":"x66cdt6sv1csq1l2","modified":"2018-10-03T14:04:12.889+02:00","checksum":"13066379680"}</subfield>
                        <subfield code="2">librisxl</subfield>
                    </datafield>
                </record>
            </metadata>
            <about/>
            <about>
                <agent name="Z"/>
            </about>
        </record>