
        <record>
            <header>
                <identifier>https://libris.kb.se/7hnn9hlh579tkqct</identifier>
                <datestamp>2018-11-14T13:59:44.923Z</datestamp>
                <setSpec>bib</setSpec>
            </header>
            <metadata>
                <record xmlns="http://www.loc.gov/MARC21/slim" type="Bibliographic">
                    <leader>     cam a       7  4500</leader>
                    <controlfield tag="001">7hnn9hlh579tkqct</controlfield>
                    <controlfield tag="003">OCoLC</controlfield>
                    <controlfield tag="005">20181114144613.0</controlfield>
                    <controlfield tag="008">181114s2018    sz |||||||||||000 ||eng|d</controlfield>
                    <datafield ind1=" " ind2=" " tag="020">
                        <subfield code="a">9783319417080</subfield>
                        <subfield code="q">(paperback)</subfield>
                    </datafield>
                    <datafield ind1=" " ind2=" " tag="020">
                        <subfield code="a">3319417088</subfield>
                    </datafield>
                    <datafield ind1=" " ind2=" " tag="040">
                        <subfield code="a">Z</subfield>
                        <subfield code="b">eng</subfield>
                        <subfield code="c">MNW</subfield>
                        <subfield code="e">rda</subfield>
                    </datafield>
                    <datafield ind1=" " ind2=" " tag="041">
                        <subfield code="a">eng</subfield>
                    </datafield>
                    <datafield ind1=" " ind2="4" tag="050">
                        <subfield code="a">QC174.12</subfield>
                        <subfield code="b">.N66 2018</subfield>
                    </datafield>
                    <datafield ind1="0" ind2="4" tag="082">
                        <subfield code="a">530.12</subfield>
                        <subfield code="2">23</subfield>
                    </datafield>
                    <datafield ind1="1" ind2=" " tag="100">
                        <subfield code="a">Nomura, Yasunori</subfield>
                        <subfield code="e">author.</subfield>
                    </datafield>
                    <datafield ind1="1" ind2="0" tag="245">
                        <subfield code="a">Quantum physics, mini black holes, and the multiverse :</subfield>
                        <subfield code="b">debunking common misconceptions in theoretical physics /</subfield>
                        <subfield code="c">Yasunori Nomura, Bill Poirier, John Terning ; Farzad Nekoogar, founding editor.</subfield>
                    </datafield>
                    <datafield ind1=" " ind2="1" tag="264">
                        <subfield code="c">2018</subfield>
                    </datafield>
                    <datafield ind1=" " ind2="1" tag="264">
                        <subfield code="a">[Cham], Switzerland :</subfield>
                        <subfield code="b">Springer,</subfield>
                        <subfield code="c">2018.</subfield>
                    </datafield>
                    <datafield ind1=" " ind2="4" tag="264">
                        <subfield code="c">©2018</subfield>
                    </datafield>
                    <datafield ind1=" " ind2=" " tag="300">
                        <subfield code="a">xiv, 212 pages</subfield>
                        <subfield code="b">illustrations (some color)</subfield>
                        <subfield code="c">29 cm</subfield>
                    </datafield>
                    <datafield ind1=" " ind2=" " tag="340">
                        <subfield code="b">29 cm</subfield>
                    </datafield>
                    <datafield ind1="1" ind2=" " tag="490">
                        <subfield code="a">Multiversal journeys</subfield>
                    </datafield>
                    <datafield ind1=" " ind2=" " tag="504">
                        <subfield code="a">Includes bibliographical references and index.</subfield>
                    </datafield>
                    <datafield ind1="8" ind2=" " tag="505">
                        <subfield code="a">Misconceptions in quantum physics / Bill Poirier -- The singular quantum. Why is quantum physics weird? ; What do the experts say? -- What hope is there for the rest of us? -- What material will be covered? -- How to use this book -- The bipolar quantum: wave-particle duality. Wave, particle, or "wavicle"? ; Quantum probability waves ; Heisenberg uncertainty principle -- Quantum soccer: the double-slit experiment. A reasonable doubt ; Single-slit experiment: classical ; Single-slit experiment: quantum ; Double-slit experiment: classical -- Double-slit experiment: quantum -- The plural quanta: expanding the wavefunction. Many-particle wavefunctions ; Wavefunction measurement ; Collapse and Schrödinger's cat -- The "spooky" quantum: nonlocality. Entanglement and hidden variables ; Bell's theorem ; EPRB as a game of coin toss: classical version ; EPRB as a game of coin toss: quantum version -- Playing the "What If?" game -- Where the weird things are. Where are they? Where are we? ; Interpretations of quantum physics ; Popular depictions of quantum physics -- Appendix I: Looking under the hood: the mathematical "method" behind the "madness" -- Misconceptions about particles and spacetime / John Terning -- Particles. What are particles? ; Atoms ; Seeing atoms -- Mini black holes. Black holes ; Black holes and extra dimensions -- Particle colliders and the universe. The Higgs boson ; Parallel universes -- Physics in the news. Cell phone radiation ; Cold fusion -- Epilogue. Spinach: a cautionary tale -- Moving forward -- Extra material: the equations behind the words. Units and coordinates ; Einstein's special theory of relativity ; Quantum mechanics and scattering ; Gravity ; Black holes ; Black holes in extra dimensions ; The large Hadron collider ; Complex numbers ; Group theory: rotations and spinors ; The Higgs ; Fusion.</subfield>
                    </datafield>
                    <datafield ind1=" " ind2=" " tag="520">
                        <subfield code="a">"This book explores, explains and debunks some common misconceptions about quantum physics, particle physics, space-time, and Multiverse cosmology. It seeks to separate science from pseudoscience. The material is presented in layperson-friendly language, followed by additional technical sections which explain basic equations and principles."--Back cover.</subfield>
                    </datafield>
                    <datafield ind1=" " ind2=" " tag="599">
                        <subfield code="a">Imported from: zcat.oclc.org:210/OLUCWorldCat (Do not remove)</subfield>
                    </datafield>
                    <datafield ind1=" " ind2="0" tag="650">
                        <subfield code="a">Quantum theory.</subfield>
                    </datafield>
                    <datafield ind1=" " ind2="0" tag="650">
                        <subfield code="a">Black holes (Astronomy)</subfield>
                    </datafield>
                    <datafield ind1=" " ind2="0" tag="650">
                        <subfield code="a">Multiverse.</subfield>
                    </datafield>
                    <datafield ind1=" " ind2="7" tag="650">
                        <subfield code="a">SCIENCE / Energy</subfield>
                        <subfield code="2">bisacsh</subfield>
                    </datafield>
                    <datafield ind1=" " ind2="7" tag="650">
                        <subfield code="a">SCIENCE / Mechanics / General</subfield>
                        <subfield code="2">bisacsh</subfield>
                    </datafield>
                    <datafield ind1=" " ind2="7" tag="650">
                        <subfield code="a">SCIENCE / Physics / General</subfield>
                        <subfield code="2">bisacsh</subfield>
                    </datafield>
                    <datafield ind1=" " ind2="7" tag="650">
                        <subfield code="a">Black holes (Astronomy)</subfield>
                        <subfield code="2">fast</subfield>
                    </datafield>
                    <datafield ind1=" " ind2="7" tag="650">
                        <subfield code="a">Multiverse.</subfield>
                        <subfield code="2">fast</subfield>
                    </datafield>
                    <datafield ind1=" " ind2="7" tag="650">
                        <subfield code="a">Quantum theory.</subfield>
                        <subfield code="2">fast</subfield>
                    </datafield>
                    <datafield ind1="1" ind2=" " tag="700">
                        <subfield code="a">Poirier, Bill</subfield>
                        <subfield code="e">author.</subfield>
                    </datafield>
                    <datafield ind1="1" ind2=" " tag="700">
                        <subfield code="a">Terning, John,</subfield>
                        <subfield code="d">1962-</subfield>
                        <subfield code="e">author.</subfield>
                    </datafield>
                    <datafield ind1="1" ind2=" " tag="700">
                        <subfield code="a">Nekoogar, Farzad</subfield>
                        <subfield code="e">editor.</subfield>
                    </datafield>
                    <datafield ind1=" " ind2="0" tag="830">
                        <subfield code="a">Multiversal journeys</subfield>
                    </datafield>
                    <datafield ind1=" " ind2=" " tag="887">
                        <subfield code="a">{"@id":"7hnn9hlh579tkqct","modified":"2018-11-14T14:46:13.992+01:00","checksum":"62132512216"}</subfield>
                        <subfield code="2">librisxl</subfield>
                    </datafield>
                </record>
            </metadata>
            <about>
                <holding sigel="Z" id="2bhh4jcr0bkv69xz">
                    <record xmlns="http://www.loc.gov/MARC21/slim" type="Holdings">
                        <leader>     cx  a       |n 4500</leader>
                        <controlfield tag="001">2bhh4jcr0bkv69xz</controlfield>
                        <controlfield tag="005">20181114144742.0</controlfield>
                        <controlfield tag="008">181114||0000|||||000||||||000000</controlfield>
                        <datafield ind1=" " ind2=" " tag="852">
                            <subfield code="b">Z</subfield>
                            <subfield code="h">qc</subfield>
                        </datafield>
                        <datafield ind1=" " ind2=" " tag="887">
                            <subfield code="a">{"@id":"2bhh4jcr0bkv69xz","modified":"2018-11-14T14:47:42.431+01:00","checksum":"83272579414"}</subfield>
                            <subfield code="2">librisxl</subfield>
                        </datafield>
                    </record>
                </holding>
            </about>
            <about>
                <agent name="Z"/>
            </about>
        </record>