
        <record>
            <header>
                <identifier>https://libris.kb.se/g0s8gcms1b7p859</identifier>
                <datestamp>2018-11-14T14:24:52.674Z</datestamp>
                <setSpec>bib</setSpec>
            </header>
            <metadata>
                <record xmlns="http://www.loc.gov/MARC21/slim" type="Bibliographic">
                    <leader>     cam a          4500</leader>
                    <controlfield tag="001">22696074</controlfield>
                    <controlfield tag="005">20180711142347.0</controlfield>
                    <controlfield tag="008">180529s2018    sw |||||||||||000 ||swe|d</controlfield>
                    <datafield ind1=" " ind2=" " tag="020">
                        <subfield code="a">9789173338967</subfield>
                        <subfield code="q">häftad</subfield>
                    </datafield>
                    <datafield ind1=" " ind2=" " tag="035">
                        <subfield code="a">(BOKR)9789173338967</subfield>
                    </datafield>
                    <datafield ind1=" " ind2=" " tag="040">
                        <subfield code="a">BOKR</subfield>
                        <subfield code="b">swe</subfield>
                        <subfield code="d">L</subfield>
                        <subfield code="e">rda</subfield>
                    </datafield>
                    <datafield ind1=" " ind2=" " tag="041">
                        <subfield code="a">swe</subfield>
                    </datafield>
                    <datafield ind1=" " ind2=" " tag="042">
                        <subfield code="9">NB</subfield>
                    </datafield>
                    <datafield ind1="0" ind2="4" tag="082">
                        <subfield code="a">658.4609485</subfield>
                        <subfield code="2">23/swe</subfield>
                    </datafield>
                    <datafield ind1="1" ind2="0" tag="245">
                        <subfield code="a">Konsultansvar /</subfield>
                        <subfield code="c">Jan Elfström &amp; Lars Erik Ashton.</subfield>
                    </datafield>
                    <datafield ind1=" " ind2=" " tag="250">
                        <subfield code="a">Tredje, reviderade utgåvan</subfield>
                    </datafield>
                    <datafield ind1=" " ind2="1" tag="264">
                        <subfield code="a">Stockholm :</subfield>
                        <subfield code="b">Svensk byggtjänst,</subfield>
                        <subfield code="c">[2018]</subfield>
                    </datafield>
                    <datafield ind1=" " ind2="3" tag="264">
                        <subfield code="a">Halmstad :</subfield>
                        <subfield code="b">Bulls Graphics,</subfield>
                        <subfield code="c">2018</subfield>
                    </datafield>
                    <datafield ind1=" " ind2=" " tag="300">
                        <subfield code="a">260 sidor</subfield>
                    </datafield>
                    <datafield ind1=" " ind2=" " tag="500">
                        <subfield code="a">Första utgåvan, 2003, av Jan Elfström, med titeln:  "Rådgivarens professionsansvar"</subfield>
                    </datafield>
                    <datafield ind1=" " ind2="7" tag="650">
                        <subfield code="a">Konsulter</subfield>
                        <subfield code="x">juridik och lagstiftning</subfield>
                        <subfield code="2">sao</subfield>
                    </datafield>
                    <datafield ind1=" " ind2="7" tag="650">
                        <subfield code="a">Ansvarsfrågor</subfield>
                        <subfield code="x">juridik och lagstiftning</subfield>
                        <subfield code="2">sao</subfield>
                    </datafield>
                    <datafield ind1=" " ind2="7" tag="650">
                        <subfield code="a">Skadestånd</subfield>
                        <subfield code="x">juridik och lagstiftning</subfield>
                        <subfield code="2">sao</subfield>
                    </datafield>
                    <datafield ind1=" " ind2=" " tag="887">
                        <subfield code="a">{"@id":"g0s8gcms1b7p859","modified":"2018-07-11T14:23:47.592+02:00","checksum":"30260618137"}</subfield>
                        <subfield code="2">librisxl</subfield>
                    </datafield>
                </record>
            </metadata>
            <about>
                <holding sigel="Lju" id="w57pcf5ctjzwrp5x">
                    <record xmlns="http://www.loc.gov/MARC21/slim" type="Holdings">
                        <leader>     nx  a       |n 4500</leader>
                        <controlfield tag="001">w57pcf5ctjzwrp5x</controlfield>
                        <controlfield tag="004">22696074</controlfield>
                        <controlfield tag="005">20181023131415.0</controlfield>
                        <controlfield tag="008">181023||0000|||||000||||||000000</controlfield>
                        <datafield ind1=" " ind2=" " tag="852">
                            <subfield code="b">Lju</subfield>
                            <subfield code="x">Lju184243 vk</subfield>
                        </datafield>
                        <datafield ind1=" " ind2=" " tag="887">
                            <subfield code="a">{"@id":"w57pcf5ctjzwrp5x","modified":"2018-10-23T13:14:15.512+02:00","checksum":"44745860475"}</subfield>
                            <subfield code="2">librisxl</subfield>
                        </datafield>
                    </record>
                </holding>
                <holding sigel="Udhj" id="blpzxzxw8xk9ggx3">
                    <record xmlns="http://www.loc.gov/MARC21/slim" type="Holdings">
                        <leader>     nx  a       |n 4500</leader>
                        <controlfield tag="001">blpzxzxw8xk9ggx3</controlfield>
                        <controlfield tag="004">22696074</controlfield>
                        <controlfield tag="005">20181030135445.0</controlfield>
                        <controlfield tag="008">181030||0000|||||000||||||000000</controlfield>
                        <datafield ind1=" " ind2=" " tag="852">
                            <subfield code="b">Udhj</subfield>
                            <subfield code="h">650</subfield>
                            <subfield code="l">Elfström</subfield>
                        </datafield>
                        <datafield ind1=" " ind2=" " tag="887">
                            <subfield code="a">{"@id":"blpzxzxw8xk9ggx3","modified":"2018-10-30T13:54:45.584+01:00","checksum":"41369274225"}</subfield>
                            <subfield code="2">librisxl</subfield>
                        </datafield>
                    </record>
                </holding>
                <holding sigel="Za" id="8jh02qvf6dkrtswd">
                    <record xmlns="http://www.loc.gov/MARC21/slim" type="Holdings">
                        <leader>     nx  a       |n 4500</leader>
                        <controlfield tag="001">8jh02qvf6dkrtswd</controlfield>
                        <controlfield tag="004">22696074</controlfield>
                        <controlfield tag="005">20180927182830.0</controlfield>
                        <controlfield tag="008">180927||0000|||||000||||||000000</controlfield>
                        <datafield ind1=" " ind2=" " tag="080">
                            <subfield code="a">351:69</subfield>
                        </datafield>
                        <datafield ind1=" " ind2=" " tag="852">
                            <subfield code="b">Za</subfield>
                            <subfield code="c"/>
                            <subfield code="h">351:69</subfield>
                        </datafield>
                        <datafield ind1=" " ind2=" " tag="887">
                            <subfield code="a">{"@id":"8jh02qvf6dkrtswd","modified":"2018-09-27T18:28:30.222+02:00","checksum":"46470341843"}</subfield>
                            <subfield code="2">librisxl</subfield>
                        </datafield>
                    </record>
                </holding>
                <holding sigel="Ge" id="193r7c5pz2jw7gtg">
                    <record xmlns="http://www.loc.gov/MARC21/slim" type="Holdings">
                        <leader>     nx  a       |n 4500</leader>
                        <controlfield tag="001">193r7c5pz2jw7gtg</controlfield>
                        <controlfield tag="004">22696074</controlfield>
                        <controlfield tag="005">20180816095330.0</controlfield>
                        <controlfield tag="008">180816||0000|||||000||||||000000</controlfield>
                        <datafield ind1=" " ind2=" " tag="852">
                            <subfield code="b">Ge</subfield>
                            <subfield code="h">658.4</subfield>
                            <subfield code="j">18-27</subfield>
                            <subfield code="x">Ge1808f</subfield>
                        </datafield>
                        <datafield ind1=" " ind2=" " tag="887">
                            <subfield code="a">{"@id":"193r7c5pz2jw7gtg","modified":"2018-08-16T09:53:30.093+02:00","checksum":"34739400208"}</subfield>
                            <subfield code="2">librisxl</subfield>
                        </datafield>
                    </record>
                </holding>
                <holding sigel="Q" id="s277z503q2bl7mkc">
                    <record xmlns="http://www.loc.gov/MARC21/slim" type="Holdings">
                        <leader>     nx_ a       |n 4500</leader>
                        <controlfield tag="001">s277z503q2bl7mkc</controlfield>
                        <controlfield tag="004">22696074</controlfield>
                        <controlfield tag="005">20181114152528.0</controlfield>
                        <controlfield tag="008">181114||0000|||||000||||||000000</controlfield>
                        <datafield ind1=" " ind2=" " tag="852">
                            <subfield code="b">Q</subfield>
                            <subfield code="c">ddk</subfield>
                            <subfield code="h">658. 460 948 5 Elf</subfield>
                        </datafield>
                        <datafield ind1=" " ind2=" " tag="887">
                            <subfield code="a">{"@id":"s277z503q2bl7mkc","modified":"2018-11-14T15:25:28.562+01:00","checksum":"59048075436"}</subfield>
                            <subfield code="2">librisxl</subfield>
                        </datafield>
                    </record>
                </holding>
                <holding sigel="L" id="r0nkqvqtp4d7f9g4">
                    <record xmlns="http://www.loc.gov/MARC21/slim" type="Holdings">
                        <leader>     nx  a       |n 4500</leader>
                        <controlfield tag="001">r0nkqvqtp4d7f9g4</controlfield>
                        <controlfield tag="004">22696074</controlfield>
                        <controlfield tag="005">20180705171546.0</controlfield>
                        <controlfield tag="008">180705||0000|||||000||||||000000</controlfield>
                        <datafield ind1=" " ind2=" " tag="852">
                            <subfield code="b">L</subfield>
                            <subfield code="h">b18/</subfield>
                            <subfield code="j">4552</subfield>
                            <subfield code="x">ka</subfield>
                        </datafield>
                        <datafield ind1=" " ind2=" " tag="887">
                            <subfield code="a">{"@id":"r0nkqvqtp4d7f9g4","modified":"2018-07-05T17:15:46.046+02:00","checksum":"34199776018"}</subfield>
                            <subfield code="2">librisxl</subfield>
                        </datafield>
                    </record>
                </holding>
                <holding sigel="BOKR" id="jnwccckp424bzsd">
                    <record xmlns="http://www.loc.gov/MARC21/slim" type="Holdings">
                        <leader>     cx  a       1n 4500</leader>
                        <controlfield tag="001">59958801</controlfield>
                        <controlfield tag="004">22696074</controlfield>
                        <controlfield tag="005">20180627083936.0</controlfield>
                        <controlfield tag="008">180529||0000|||||000||||||000000</controlfield>
                        <datafield ind1=" " ind2=" " tag="852">
                            <subfield code="b">BOKR</subfield>
                        </datafield>
                        <datafield ind1=" " ind2=" " tag="887">
                            <subfield code="a">{"@id":"jnwccckp424bzsd","modified":"2018-06-27T08:39:36.905+02:00","checksum":"40356880961"}</subfield>
                            <subfield code="2">librisxl</subfield>
                        </datafield>
                    </record>
                </holding>
                <holding sigel="S" id="fpcw9zrkc3m9zf3g">
                    <record xmlns="http://www.loc.gov/MARC21/slim" type="Holdings">
                        <leader>     cx  a       |n 4500</leader>
                        <controlfield tag="001">fpcw9zrkc3m9zf3g</controlfield>
                        <controlfield tag="004">22696074</controlfield>
                        <controlfield tag="005">20180711142627.0</controlfield>
                        <controlfield tag="008">180711||0000|||||000||||||000000</controlfield>
                        <datafield ind1=" " ind2=" " tag="852">
                            <subfield code="b">S</subfield>
                            <subfield code="h">Sv2018</subfield>
                            <subfield code="j">4621</subfield>
                            <subfield code="x">nb2018mon</subfield>
                            <subfield code="x">nbv201828</subfield>
                            <subfield code="x">ingper</subfield>
                        </datafield>
                        <datafield ind1=" " ind2=" " tag="887">
                            <subfield code="a">{"@id":"fpcw9zrkc3m9zf3g","modified":"2018-07-11T14:26:27.201+02:00","checksum":"32909205430"}</subfield>
                            <subfield code="2">librisxl</subfield>
                        </datafield>
                    </record>
                </holding>
                <holding sigel="Z" id="3c5qnb0s1139x1b2">
                    <record xmlns="http://www.loc.gov/MARC21/slim" type="Holdings">
                        <leader>     nx  a       |n 4500</leader>
                        <controlfield tag="001">3c5qnb0s1139x1b2</controlfield>
                        <controlfield tag="004">22696074</controlfield>
                        <controlfield tag="005">20180815160559.0</controlfield>
                        <controlfield tag="008">180815||0000|||||000||||||000000</controlfield>
                        <datafield ind1=" " ind2=" " tag="852">
                            <subfield code="b">Z</subfield>
                            <subfield code="c"/>
                            <subfield code="h">k</subfield>
                        </datafield>
                        <datafield ind1=" " ind2=" " tag="887">
                            <subfield code="a">{"@id":"3c5qnb0s1139x1b2","modified":"2018-08-15T16:05:59.795+02:00","checksum":"32184630172"}</subfield>
                            <subfield code="2">librisxl</subfield>
                        </datafield>
                    </record>
                </holding>
                <holding sigel="Li" id="blh06q868ztctznb">
                    <record xmlns="http://www.loc.gov/MARC21/slim" type="Holdings">
                        <leader>     nx  a       |n 4500</leader>
                        <controlfield tag="001">blh06q868ztctznb</controlfield>
                        <controlfield tag="004">22696074</controlfield>
                        <controlfield tag="005">20180910082418.0</controlfield>
                        <controlfield tag="008">180910||0000|||||000||||||000000</controlfield>
                        <datafield ind1="1" ind2=" " tag="541">
                            <subfield code="a">Pliktex.</subfield>
                        </datafield>
                        <datafield ind1=" " ind2=" " tag="852">
                            <subfield code="b">Li</subfield>
                        </datafield>
                        <datafield ind1=" " ind2=" " tag="887">
                            <subfield code="a">{"@id":"blh06q868ztctznb","modified":"2018-09-10T08:24:18.854+02:00","checksum":"41147154396"}</subfield>
                            <subfield code="2">librisxl</subfield>
                        </datafield>
                    </record>
                </holding>
            </about>
            <about>
                <agent name="Q"/>
            </about>
        </record>