
        <record>
            <header>
                <identifier>https://libris.kb.se/tb43hs251chcdrz</identifier>
                <datestamp>2018-11-14T14:35:44.421Z</datestamp>
                <setSpec>bib</setSpec>
            </header>
            <metadata>
                <record xmlns="http://www.loc.gov/MARC21/slim" type="Bibliographic">
                    <leader>     cam a       7  4500</leader>
                    <controlfield tag="001">9467915</controlfield>
                    <controlfield tag="005">20120809112055.0</controlfield>
                    <controlfield tag="008">040422s2003    xxk|||||||||||000 ||eng| </controlfield>
                    <datafield ind1=" " ind2=" " tag="020">
                        <subfield code="a">9781587991868</subfield>
                    </datafield>
                    <datafield ind1=" " ind2=" " tag="020">
                        <subfield code="a">1587991861</subfield>
                        <subfield code="q">inb.</subfield>
                    </datafield>
                    <datafield ind1=" " ind2=" " tag="040">
                        <subfield code="a">Q</subfield>
                    </datafield>
                    <datafield ind1=" " ind2=" " tag="041">
                        <subfield code="a">eng</subfield>
                    </datafield>
                    <datafield ind1="0" ind2="0" tag="082">
                        <subfield code="a">332.63</subfield>
                        <subfield code="2">22</subfield>
                    </datafield>
                    <datafield ind1=" " ind2=" " tag="084">
                        <subfield code="a">Qaeca</subfield>
                        <subfield code="2">kssb/7</subfield>
                    </datafield>
                    <datafield ind1=" " ind2=" " tag="084">
                        <subfield code="a">Qbccc</subfield>
                        <subfield code="2">kssb/7</subfield>
                    </datafield>
                    <datafield ind1="0" ind2="0" tag="245">
                        <subfield code="a">Real options :</subfield>
                        <subfield code="b">a practitioner's guide /</subfield>
                        <subfield code="c">Tom Copeland, Vladimir Antikarov.</subfield>
                    </datafield>
                    <datafield ind1=" " ind2=" " tag="250">
                        <subfield code="a">[New ed.]</subfield>
                    </datafield>
                    <datafield ind1=" " ind2="1" tag="264">
                        <subfield code="c">2003</subfield>
                    </datafield>
                    <datafield ind1=" " ind2="1" tag="264">
                        <subfield code="a">London :</subfield>
                        <subfield code="b">Texere,</subfield>
                        <subfield code="c">cop. 2003</subfield>
                    </datafield>
                    <datafield ind1=" " ind2=" " tag="300">
                        <subfield code="a">xiv, 370 s.</subfield>
                        <subfield code="b">ill.</subfield>
                    </datafield>
                    <datafield ind1=" " ind2="0" tag="650">
                        <subfield code="a">Real options (Finance)</subfield>
                    </datafield>
                    <datafield ind1=" " ind2="7" tag="650">
                        <subfield code="a">finance</subfield>
                        <subfield code="2">agrovoc</subfield>
                    </datafield>
                    <datafield ind1=" " ind2="7" tag="650">
                        <subfield code="a">investment</subfield>
                        <subfield code="2">agrovoc</subfield>
                    </datafield>
                    <datafield ind1=" " ind2="7" tag="650">
                        <subfield code="a">banking</subfield>
                        <subfield code="2">agrovoc</subfield>
                    </datafield>
                    <datafield ind1="1" ind2=" " tag="700">
                        <subfield code="a">Antikarov, Vladimir</subfield>
                    </datafield>
                    <datafield ind1=" " ind2=" " tag="887">
                        <subfield code="a">{"@id":"tb43hs251chcdrz","modified":"2012-08-09T11:20:55+02:00","checksum":"27504587797"}</subfield>
                        <subfield code="2">librisxl</subfield>
                    </datafield>
                </record>
            </metadata>
            <about>
                <holding sigel="Z" id="59g8m01b1pl8dc4">
                    <record xmlns="http://www.loc.gov/MARC21/slim" type="Holdings">
                        <leader>     cx  a       1n 4500</leader>
                        <controlfield tag="001">17541640</controlfield>
                        <controlfield tag="004">9467915</controlfield>
                        <controlfield tag="005">20041217182532.0</controlfield>
                        <controlfield tag="008">0412034|00008|||1001|||||0901128</controlfield>
                        <datafield ind1=" " ind2="4" tag="050">
                            <subfield code="a">HB 700</subfield>
                        </datafield>
                        <datafield ind1=" " ind2=" " tag="541">
                            <subfield code="a">DAW</subfield>
                            <subfield code="h">GBP 36.00</subfield>
                        </datafield>
                        <datafield ind1="8" ind2=" " tag="852">
                            <subfield code="b">Z</subfield>
                            <subfield code="h">h</subfield>
                        </datafield>
                        <datafield ind1=" " ind2=" " tag="541">
                            <subfield code="a">DAW</subfield>
                            <subfield code="h">GBP 36.00</subfield>
                        </datafield>
                        <datafield ind1=" " ind2=" " tag="887">
                            <subfield code="a">{"@id":"59g8m01b1pl8dc4","modified":"2004-12-17T18:25:32+01:00","checksum":"29074465648"}</subfield>
                            <subfield code="2">librisxl</subfield>
                        </datafield>
                    </record>
                </holding>
                <holding sigel="Lehl" id="chpjm3kj1h9n6c8">
                    <record xmlns="http://www.loc.gov/MARC21/slim" type="Holdings">
                        <leader>     cx  a       1n 4500</leader>
                        <controlfield tag="001">18996346</controlfield>
                        <controlfield tag="004">9467915</controlfield>
                        <controlfield tag="005">20060104135333.0</controlfield>
                        <controlfield tag="008">051230||0000|||||001||||||000000</controlfield>
                        <datafield ind1="8" ind2=" " tag="852">
                            <subfield code="b">Lehl</subfield>
                            <subfield code="9">Inst215</subfield>
                        </datafield>
                        <datafield ind1=" " ind2=" " tag="887">
                            <subfield code="a">{"@id":"chpjm3kj1h9n6c8","modified":"2006-01-04T13:53:33+01:00","checksum":"36030525839"}</subfield>
                            <subfield code="2">librisxl</subfield>
                        </datafield>
                    </record>
                </holding>
                <holding sigel="Krh" id="pt11b6fv4wcd6nn">
                    <record xmlns="http://www.loc.gov/MARC21/slim" type="Holdings">
                        <leader>     nx  a       1n 4500</leader>
                        <controlfield tag="001">23337536</controlfield>
                        <controlfield tag="004">9467915</controlfield>
                        <controlfield tag="005">20090126114438.0</controlfield>
                        <controlfield tag="008">090126||0000|||||001||||||000000</controlfield>
                        <datafield ind1=" " ind2=" " tag="852">
                            <subfield code="b">Krh</subfield>
                            <subfield code="h">Qae</subfield>
                        </datafield>
                        <datafield ind1=" " ind2=" " tag="887">
                            <subfield code="a">{"@id":"pt11b6fv4wcd6nn","modified":"2009-01-26T11:44:38+01:00","checksum":"24098178599"}</subfield>
                            <subfield code="2">librisxl</subfield>
                        </datafield>
                    </record>
                </holding>
                <holding sigel="Ju" id="qv2dmhvw4747d2r">
                    <record xmlns="http://www.loc.gov/MARC21/slim" type="Holdings">
                        <leader>     cx  a       4n 4500</leader>
                        <controlfield tag="001">31661097</controlfield>
                        <controlfield tag="004">9467915</controlfield>
                        <controlfield tag="005">20111206121821.0</controlfield>
                        <controlfield tag="008">1111244|00008|||1001|||||0901128</controlfield>
                        <datafield ind1=" " ind2=" " tag="852">
                            <subfield code="b">Ju</subfield>
                            <subfield code="h">3 mon</subfield>
                            <subfield code="j">11/838</subfield>
                            <subfield code="x">Ju111207</subfield>
                        </datafield>
                        <datafield ind1=" " ind2=" " tag="887">
                            <subfield code="a">{"@id":"qv2dmhvw4747d2r","modified":"2011-12-06T12:18:21+01:00","checksum":"27898248269"}</subfield>
                            <subfield code="2">librisxl</subfield>
                        </datafield>
                    </record>
                </holding>
                <holding sigel="Ge" id="26dth1c73dwvr9w">
                    <record xmlns="http://www.loc.gov/MARC21/slim" type="Holdings">
                        <leader>     cx  a       4n 4500</leader>
                        <controlfield tag="001">33717727</controlfield>
                        <controlfield tag="004">9467915</controlfield>
                        <controlfield tag="005">20120809112145.0</controlfield>
                        <controlfield tag="008">1208034|00008|||1001|||||0901128</controlfield>
                        <datafield ind1=" " ind2=" " tag="852">
                            <subfield code="b">Ge</subfield>
                            <subfield code="h">332.6 12-19</subfield>
                            <subfield code="x">Ge12k</subfield>
                        </datafield>
                        <datafield ind1=" " ind2=" " tag="887">
                            <subfield code="a">{"@id":"26dth1c73dwvr9w","modified":"2012-08-09T11:21:45+02:00","checksum":"32058587506"}</subfield>
                            <subfield code="2">librisxl</subfield>
                        </datafield>
                    </record>
                </holding>
                <holding sigel="Q" id="48f6z3t92g696bf">
                    <record xmlns="http://www.loc.gov/MARC21/slim" type="Holdings">
                        <leader>     cx  a       1n 4500</leader>
                        <controlfield tag="001">17032089</controlfield>
                        <controlfield tag="004">9467915</controlfield>
                        <controlfield tag="005">20040519164722.0</controlfield>
                        <controlfield tag="008">040422||0000|||||001||||||000000</controlfield>
                        <datafield ind1="4" ind2=" " tag="852">
                            <subfield code="b">Q</subfield>
                            <subfield code="c">fos</subfield>
                            <subfield code="h">qa 05713</subfield>
                        </datafield>
                        <datafield ind1=" " ind2=" " tag="887">
                            <subfield code="a">{"@id":"48f6z3t92g696bf","modified":"2004-05-19T16:47:22+02:00","checksum":"24525102751"}</subfield>
                            <subfield code="2">librisxl</subfield>
                        </datafield>
                    </record>
                </holding>
            </about>
            <about>
                <agent name="Ldix"/>
            </about>
        </record>