
        <record>
            <header>
                <identifier>https://libris.kb.se/g0s657js1dl64hf</identifier>
                <datestamp>2018-11-14T15:13:11.188Z</datestamp>
                <setSpec>bib</setSpec>
            </header>
            <metadata>
                <record xmlns="http://www.loc.gov/MARC21/slim" type="Bibliographic">
                    <leader>     cam a          4500</leader>
                    <controlfield tag="001">20829384</controlfield>
                    <controlfield tag="005">20180828102716.0</controlfield>
                    <controlfield tag="008">170524s2017    sw |||||||||||000 ||swe| </controlfield>
                    <datafield ind1=" " ind2=" " tag="020">
                        <subfield code="a">9789144117683</subfield>
                        <subfield code="q">häftad</subfield>
                    </datafield>
                    <datafield ind1=" " ind2=" " tag="035">
                        <subfield code="a">(BOKR)9789144117683</subfield>
                    </datafield>
                    <datafield ind1=" " ind2=" " tag="040">
                        <subfield code="a">BOKR</subfield>
                        <subfield code="b">swe</subfield>
                        <subfield code="d">S</subfield>
                        <subfield code="e">rda</subfield>
                    </datafield>
                    <datafield ind1=" " ind2=" " tag="041">
                        <subfield code="a">swe</subfield>
                    </datafield>
                    <datafield ind1=" " ind2=" " tag="042">
                        <subfield code="9">NB</subfield>
                    </datafield>
                    <datafield ind1="0" ind2="4" tag="082">
                        <subfield code="a">512.00712</subfield>
                        <subfield code="2">23/swe</subfield>
                    </datafield>
                    <datafield ind1="1" ind2="0" tag="245">
                        <subfield code="a">Algebra för lärare /</subfield>
                        <subfield code="c">Kajsa Bråting, Håkan Sollervall, Erika Stadler.</subfield>
                    </datafield>
                    <datafield ind1=" " ind2=" " tag="250">
                        <subfield code="a">Upplaga 1</subfield>
                    </datafield>
                    <datafield ind1=" " ind2="1" tag="264">
                        <subfield code="c">2017</subfield>
                    </datafield>
                    <datafield ind1=" " ind2="1" tag="264">
                        <subfield code="a">Lund :</subfield>
                        <subfield code="b">Studentlitteratur,</subfield>
                        <subfield code="c">[2017]</subfield>
                    </datafield>
                    <datafield ind1=" " ind2="1" tag="264">
                        <subfield code="a">Lund :</subfield>
                        <subfield code="b">Studentlitteratur,</subfield>
                        <subfield code="c">[2017]</subfield>
                    </datafield>
                    <datafield ind1=" " ind2="3" tag="264">
                        <subfield code="c">2017</subfield>
                    </datafield>
                    <datafield ind1=" " ind2=" " tag="300">
                        <subfield code="a">195 sidor</subfield>
                        <subfield code="b">illustrationer, karta</subfield>
                        <subfield code="c">25 cm</subfield>
                    </datafield>
                    <datafield ind1=" " ind2=" " tag="336">
                        <subfield code="b">txt</subfield>
                        <subfield code="2">rdacontent</subfield>
                    </datafield>
                    <datafield ind1=" " ind2=" " tag="337">
                        <subfield code="b">n</subfield>
                        <subfield code="2">rdamedia</subfield>
                    </datafield>
                    <datafield ind1=" " ind2=" " tag="338">
                        <subfield code="b">nc</subfield>
                        <subfield code="2">rdacarrier</subfield>
                    </datafield>
                    <datafield ind1=" " ind2=" " tag="340">
                        <subfield code="b">25 cm</subfield>
                    </datafield>
                    <datafield ind1=" " ind2=" " tag="500">
                        <subfield code="a">Härtill kompletterande material på Internet</subfield>
                    </datafield>
                    <datafield ind1=" " ind2=" " tag="887">
                        <subfield code="a">{"@id":"g0s657js1dl64hf","modified":"2018-08-28T10:27:16.824+02:00","checksum":"23649252829"}</subfield>
                        <subfield code="2">librisxl</subfield>
                    </datafield>
                </record>
            </metadata>
            <about>
                <holding sigel="Hudi" id="pz27pw6xmjbznfk9">
                    <record xmlns="http://www.loc.gov/MARC21/slim" type="Holdings">
                        <leader>     nx  a       |n 4500</leader>
                        <controlfield tag="001">pz27pw6xmjbznfk9</controlfield>
                        <controlfield tag="004">20829384</controlfield>
                        <controlfield tag="005">20181029133051.0</controlfield>
                        <controlfield tag="008">181029||0000|||||000||||||000000</controlfield>
                        <datafield ind1=" " ind2=" " tag="852">
                            <subfield code="b">Hudi</subfield>
                            <subfield code="l">Eab</subfield>
                        </datafield>
                        <datafield ind1=" " ind2=" " tag="887">
                            <subfield code="a">{"@id":"pz27pw6xmjbznfk9","modified":"2018-10-29T13:30:51.594+01:00","checksum":"35673136472"}</subfield>
                            <subfield code="2">librisxl</subfield>
                        </datafield>
                    </record>
                </holding>
                <holding sigel="LnuV" id="w18h0rj21bsjltt">
                    <record xmlns="http://www.loc.gov/MARC21/slim" type="Holdings">
                        <leader>     cx  a       4n 4500</leader>
                        <controlfield tag="001">54505322</controlfield>
                        <controlfield tag="004">20829384</controlfield>
                        <controlfield tag="005">20171023150452.0</controlfield>
                        <controlfield tag="008">1706164|00008|||1001|||||0901128</controlfield>
                        <datafield ind1=" " ind2=" " tag="852">
                            <subfield code="b">LnuV</subfield>
                            <subfield code="h">Kursref</subfield>
                            <subfield code="l">Bråting</subfield>
                        </datafield>
                        <datafield ind1=" " ind2=" " tag="852">
                            <subfield code="b">LnuV</subfield>
                            <subfield code="h">512</subfield>
                            <subfield code="l">Bråting</subfield>
                        </datafield>
                        <datafield ind1=" " ind2=" " tag="887">
                            <subfield code="a">{"@id":"w18h0rj21bsjltt","modified":"2017-10-23T15:04:52+02:00","checksum":"55585579996"}</subfield>
                            <subfield code="2">librisxl</subfield>
                        </datafield>
                    </record>
                </holding>
                <holding sigel="Z" id="x29k3tw35hpx809">
                    <record xmlns="http://www.loc.gov/MARC21/slim" type="Holdings">
                        <leader>     cx  a       1n 4500</leader>
                        <controlfield tag="001">54560523</controlfield>
                        <controlfield tag="004">20829384</controlfield>
                        <controlfield tag="005">20170802112443.0</controlfield>
                        <controlfield tag="008">170626||0000||||4001||||||000000</controlfield>
                        <datafield ind1=" " ind2="4" tag="050">
                            <subfield code="a">QA 155</subfield>
                        </datafield>
                        <datafield ind1="8" ind2=" " tag="852">
                            <subfield code="b">Z</subfield>
                            <subfield code="h">qa</subfield>
                        </datafield>
                        <datafield ind1=" " ind2=" " tag="887">
                            <subfield code="a">{"@id":"x29k3tw35hpx809","modified":"2017-08-02T11:24:43+02:00","checksum":"60210663940"}</subfield>
                            <subfield code="2">librisxl</subfield>
                        </datafield>
                    </record>
                </holding>
                <holding sigel="Li" id="8dmwlzlf4s4mhs4">
                    <record xmlns="http://www.loc.gov/MARC21/slim" type="Holdings">
                        <leader>     nx  a       4n 4500</leader>
                        <controlfield tag="001">54689563</controlfield>
                        <controlfield tag="004">20829384</controlfield>
                        <controlfield tag="005">20170803092306.0</controlfield>
                        <controlfield tag="008">1708034|00008|||1001|||||0901128</controlfield>
                        <datafield ind1=" " ind2=" " tag="500">
                            <subfield code="a">Pliktex.</subfield>
                        </datafield>
                        <datafield ind1="1" ind2=" " tag="852">
                            <subfield code="b">Li</subfield>
                            <subfield code="h">512</subfield>
                            <subfield code="z">Pliktex.</subfield>
                        </datafield>
                        <datafield ind1=" " ind2=" " tag="887">
                            <subfield code="a">{"@id":"8dmwlzlf4s4mhs4","modified":"2017-08-03T09:23:06+02:00","checksum":"57117032906"}</subfield>
                            <subfield code="2">librisxl</subfield>
                        </datafield>
                    </record>
                </holding>
                <holding sigel="Q" id="ns19771t3kh463r">
                    <record xmlns="http://www.loc.gov/MARC21/slim" type="Holdings">
                        <leader>     nxo a       1n 4500</leader>
                        <controlfield tag="001">54875005</controlfield>
                        <controlfield tag="004">20829384</controlfield>
                        <controlfield tag="005">20170816082320.0</controlfield>
                        <controlfield tag="008">170816||0000|||||001a|||||011126</controlfield>
                        <datafield ind1=" " ind2=" " tag="852">
                            <subfield code="b">Q</subfield>
                            <subfield code="c">mag</subfield>
                            <subfield code="h">2017-03079</subfield>
                        </datafield>
                        <datafield ind1=" " ind2=" " tag="887">
                            <subfield code="a">{"@id":"ns19771t3kh463r","modified":"2017-08-16T08:23:20+02:00","checksum":"33350082917"}</subfield>
                            <subfield code="2">librisxl</subfield>
                        </datafield>
                    </record>
                </holding>
                <holding sigel="Gp" id="26fpn1w70j275ng">
                    <record xmlns="http://www.loc.gov/MARC21/slim" type="Holdings">
                        <leader>     nx  a       4n 4500</leader>
                        <controlfield tag="001">54913207</controlfield>
                        <controlfield tag="004">20829384</controlfield>
                        <controlfield tag="005">20170817125054.0</controlfield>
                        <controlfield tag="008">1708174|00008|||1001|||||0901128</controlfield>
                        <datafield ind1=" " ind2=" " tag="852">
                            <subfield code="b">Gp</subfield>
                            <subfield code="h">500</subfield>
                            <subfield code="j">17:5</subfield>
                            <subfield code="x">Gp1708f</subfield>
                        </datafield>
                        <datafield ind1=" " ind2=" " tag="887">
                            <subfield code="a">{"@id":"26fpn1w70j275ng","modified":"2017-08-17T12:50:54+02:00","checksum":"54701697518"}</subfield>
                            <subfield code="2">librisxl</subfield>
                        </datafield>
                    </record>
                </holding>
                <holding sigel="Hdf" id="9fn21czg4fmr3w4">
                    <record xmlns="http://www.loc.gov/MARC21/slim" type="Holdings">
                        <leader>     nx  a       4n 4500</leader>
                        <controlfield tag="001">58263764</controlfield>
                        <controlfield tag="004">20829384</controlfield>
                        <controlfield tag="005">20180119123747.0</controlfield>
                        <controlfield tag="008">1801194|00008|||1001|||||0901128</controlfield>
                        <datafield ind1=" " ind2=" " tag="852">
                            <subfield code="b">Hdf</subfield>
                            <subfield code="c">Kursref</subfield>
                            <subfield code="h">Eabt</subfield>
                            <subfield code="i">Ej fjärrlån</subfield>
                            <subfield code="l">Bråting</subfield>
                        </datafield>
                        <datafield ind1=" " ind2=" " tag="887">
                            <subfield code="a">{"@id":"9fn21czg4fmr3w4","modified":"2018-01-19T12:37:47+01:00","checksum":"59869577157"}</subfield>
                            <subfield code="2">librisxl</subfield>
                        </datafield>
                    </record>
                </holding>
                <holding sigel="Mhs" id="pz35hwz5m0q446wq">
                    <record xmlns="http://www.loc.gov/MARC21/slim" type="Holdings">
                        <leader>     cx  a       |n 4500</leader>
                        <controlfield tag="001">pz35hwz5m0q446wq</controlfield>
                        <controlfield tag="004">20829384</controlfield>
                        <controlfield tag="005">20181114161336.0</controlfield>
                        <controlfield tag="008">181106||0000|||||000||||||000000</controlfield>
                        <datafield ind1=" " ind2=" " tag="852">
                            <subfield code="b">Mhs</subfield>
                            <subfield code="i">Ej fjärrlån</subfield>
                        </datafield>
                        <datafield ind1=" " ind2=" " tag="887">
                            <subfield code="a">{"@id":"pz35hwz5m0q446wq","modified":"2018-11-14T16:13:36.277+01:00","checksum":"27579010619"}</subfield>
                            <subfield code="2">librisxl</subfield>
                        </datafield>
                    </record>
                </holding>
                <holding sigel="Ugot" id="cmhj920l938412d5">
                    <record xmlns="http://www.loc.gov/MARC21/slim" type="Holdings">
                        <leader>     cx  a       |n 4500</leader>
                        <controlfield tag="001">cmhj920l938412d5</controlfield>
                        <controlfield tag="004">20829384</controlfield>
                        <controlfield tag="005">20180828111400.0</controlfield>
                        <controlfield tag="008">180828||0000|||||000||||||000000</controlfield>
                        <datafield ind1=" " ind2=" " tag="852">
                            <subfield code="b">Ugot</subfield>
                            <subfield code="c"/>
                            <subfield code="h">Eabt</subfield>
                            <subfield code="l">Bråting</subfield>
                        </datafield>
                        <datafield ind1=" " ind2=" " tag="887">
                            <subfield code="a">{"@id":"cmhj920l938412d5","modified":"2018-08-28T11:14:00.599+02:00","checksum":"26821226633"}</subfield>
                            <subfield code="2">librisxl</subfield>
                        </datafield>
                    </record>
                </holding>
                <holding sigel="Mo" id="48hrbg093j2fgv5">
                    <record xmlns="http://www.loc.gov/MARC21/slim" type="Holdings">
                        <leader>     nx  a       |n 4500</leader>
                        <controlfield tag="001">54572139</controlfield>
                        <controlfield tag="004">20829384</controlfield>
                        <controlfield tag="005">20170627160722.0</controlfield>
                        <controlfield tag="008">170627||0000|||||000||||||000000</controlfield>
                        <datafield ind1=" " ind2=" " tag="852">
                            <subfield code="b">Mo</subfield>
                        </datafield>
                        <datafield ind1=" " ind2=" " tag="887">
                            <subfield code="a">{"@id":"48hrbg093j2fgv5","modified":"2017-06-27T16:07:22+02:00","checksum":"55683165846"}</subfield>
                            <subfield code="2">librisxl</subfield>
                        </datafield>
                    </record>
                </holding>
                <holding sigel="Krh" id="ns19zd4t2jfqlxr">
                    <record xmlns="http://www.loc.gov/MARC21/slim" type="Holdings">
                        <leader>     nx  a       1n 4500</leader>
                        <controlfield tag="001">54663595</controlfield>
                        <controlfield tag="004">20829384</controlfield>
                        <controlfield tag="005">20170718084944.0</controlfield>
                        <controlfield tag="008">170718||0000|||||001||||||000000</controlfield>
                        <datafield ind1=" " ind2=" " tag="852">
                            <subfield code="b">Krh</subfield>
                            <subfield code="h">Eabt</subfield>
                            <subfield code="l">Bråting</subfield>
                        </datafield>
                        <datafield ind1=" " ind2=" " tag="887">
                            <subfield code="a">{"@id":"ns19zd4t2jfqlxr","modified":"2017-07-18T08:49:44+02:00","checksum":"56546907067"}</subfield>
                            <subfield code="2">librisxl</subfield>
                        </datafield>
                    </record>
                </holding>
                <holding sigel="L" id="bgpzn1zh1qgrn9p">
                    <record xmlns="http://www.loc.gov/MARC21/slim" type="Holdings">
                        <leader>     nxo a       1n 4500</leader>
                        <controlfield tag="001">54689835</controlfield>
                        <controlfield tag="004">20829384</controlfield>
                        <controlfield tag="005">20170803103301.0</controlfield>
                        <controlfield tag="008">170803||00008|||1001|||||0901128</controlfield>
                        <datafield ind1=" " ind2=" " tag="852">
                            <subfield code="b">L</subfield>
                            <subfield code="h">b17/</subfield>
                            <subfield code="j">6265</subfield>
                            <subfield code="x">on</subfield>
                        </datafield>
                        <datafield ind1=" " ind2=" " tag="887">
                            <subfield code="a">{"@id":"bgpzn1zh1qgrn9p","modified":"2017-08-03T10:33:01+02:00","checksum":"38577471124"}</subfield>
                            <subfield code="2">librisxl</subfield>
                        </datafield>
                    </record>
                </holding>
                <holding sigel="Hasb" id="hmv4416n0n0nscs">
                    <record xmlns="http://www.loc.gov/MARC21/slim" type="Holdings">
                        <leader>     nx  a       4n 4500</leader>
                        <controlfield tag="001">54928400</controlfield>
                        <controlfield tag="004">20829384</controlfield>
                        <controlfield tag="005">20170821143645.0</controlfield>
                        <controlfield tag="008">170821||0000|||||001||||||000000</controlfield>
                        <datafield ind1=" " ind2=" " tag="852">
                            <subfield code="b">Hasb</subfield>
                            <subfield code="h">Eab</subfield>
                        </datafield>
                        <datafield ind1=" " ind2=" " tag="887">
                            <subfield code="a">{"@id":"hmv4416n0n0nscs","modified":"2017-08-21T14:36:45+02:00","checksum":"58223940828"}</subfield>
                            <subfield code="2">librisxl</subfield>
                        </datafield>
                    </record>
                </holding>
                <holding sigel="LnuK" id="x29kk05318kfkr1">
                    <record xmlns="http://www.loc.gov/MARC21/slim" type="Holdings">
                        <leader>     nx  a       4n 4500</leader>
                        <controlfield tag="001">54942363</controlfield>
                        <controlfield tag="004">20829384</controlfield>
                        <controlfield tag="005">20170824082735.0</controlfield>
                        <controlfield tag="008">1708244|00008|||1001|||||0901128</controlfield>
                        <datafield ind1=" " ind2=" " tag="852">
                            <subfield code="b">LnuK</subfield>
                            <subfield code="h">512</subfield>
                            <subfield code="l">Bråting</subfield>
                        </datafield>
                        <datafield ind1=" " ind2=" " tag="887">
                            <subfield code="a">{"@id":"x29kk05318kfkr1","modified":"2017-08-24T08:27:35+02:00","checksum":"53600768756"}</subfield>
                            <subfield code="2">librisxl</subfield>
                        </datafield>
                    </record>
                </holding>
                <holding sigel="Mde" id="z3bmwgn45rszdqf">
                    <record xmlns="http://www.loc.gov/MARC21/slim" type="Holdings">
                        <leader>     nx  a       4n 4500</leader>
                        <controlfield tag="001">55980484</controlfield>
                        <controlfield tag="004">20829384</controlfield>
                        <controlfield tag="005">20170919151447.0</controlfield>
                        <controlfield tag="008">1709194|00008|||1001|||||0901128</controlfield>
                        <datafield ind1="8" ind2=" " tag="852">
                            <subfield code="b">Mde</subfield>
                        </datafield>
                        <datafield ind1=" " ind2=" " tag="876">
                            <subfield code="a">MDE</subfield>
                            <subfield code="b">OPPEN</subfield>
                            <subfield code="c">1</subfield>
                            <subfield code="e">b</subfield>
                        </datafield>
                        <datafield ind1=" " ind2=" " tag="877">
                            <subfield code="a">B</subfield>
                            <subfield code="b">Default</subfield>
                            <subfield code="c">MDE</subfield>
                        </datafield>
                        <datafield ind1=" " ind2=" " tag="887">
                            <subfield code="a">{"@id":"z3bmwgn45rszdqf","modified":"2017-09-19T15:14:47+02:00","checksum":"78227710725"}</subfield>
                            <subfield code="2">librisxl</subfield>
                        </datafield>
                    </record>
                </holding>
                <holding sigel="D" id="59jt76zb441stk7">
                    <record xmlns="http://www.loc.gov/MARC21/slim" type="Holdings">
                        <leader>     nx  a       1n 4500</leader>
                        <controlfield tag="001">56102980</controlfield>
                        <controlfield tag="004">20829384</controlfield>
                        <controlfield tag="005">20170929133302.0</controlfield>
                        <controlfield tag="008">170929||0000|||||001||||||000000</controlfield>
                        <datafield ind1="8" ind2=" " tag="852">
                            <subfield code="b">D</subfield>
                            <subfield code="h">Eab Brå</subfield>
                        </datafield>
                        <datafield ind1=" " ind2=" " tag="887">
                            <subfield code="a">{"@id":"59jt76zb441stk7","modified":"2017-09-29T13:33:02+02:00","checksum":"59691208277"}</subfield>
                            <subfield code="2">librisxl</subfield>
                        </datafield>
                    </record>
                </holding>
                <holding sigel="Htut" id="59jvlxlb1rx12m3">
                    <record xmlns="http://www.loc.gov/MARC21/slim" type="Holdings">
                        <leader>     cx  a       |n 4500</leader>
                        <controlfield tag="001">56392450</controlfield>
                        <controlfield tag="004">20829384</controlfield>
                        <controlfield tag="005">20171208132048.0</controlfield>
                        <controlfield tag="008">171023||0000|||||000||||||000000</controlfield>
                        <datafield ind1="1" ind2=" " tag="852">
                            <subfield code="b">Htut</subfield>
                            <subfield code="h">512</subfield>
                            <subfield code="l">Bråting</subfield>
                            <subfield code="x">20171023</subfield>
                        </datafield>
                        <datafield ind1=" " ind2=" " tag="887">
                            <subfield code="a">{"@id":"59jvlxlb1rx12m3","modified":"2017-12-08T13:20:48+01:00","checksum":"56173637587"}</subfield>
                            <subfield code="2">librisxl</subfield>
                        </datafield>
                    </record>
                </holding>
                <holding sigel="Mah" id="bgp2536h3t74xbd">
                    <record xmlns="http://www.loc.gov/MARC21/slim" type="Holdings">
                        <leader>     nx  a       4n 4500</leader>
                        <controlfield tag="001">57526845</controlfield>
                        <controlfield tag="004">20829384</controlfield>
                        <controlfield tag="005">20171205162014.0</controlfield>
                        <controlfield tag="008">1712054|00008|||1001|||||0901128</controlfield>
                        <datafield ind1=" " ind2=" " tag="852">
                            <subfield code="b">Mah</subfield>
                            <subfield code="h">512</subfield>
                            <subfield code="l">brå</subfield>
                        </datafield>
                        <datafield ind1=" " ind2=" " tag="887">
                            <subfield code="a">{"@id":"bgp2536h3t74xbd","modified":"2017-12-05T16:20:14+01:00","checksum":"70030890060"}</subfield>
                            <subfield code="2">librisxl</subfield>
                        </datafield>
                    </record>
                </holding>
                <holding sigel="Tore" id="26ftmtf73nxp7k8">
                    <record xmlns="http://www.loc.gov/MARC21/slim" type="Holdings">
                        <leader>     nx  a       |n 4500</leader>
                        <controlfield tag="001">58120387</controlfield>
                        <controlfield tag="004">20829384</controlfield>
                        <controlfield tag="005">20180108182451.0</controlfield>
                        <controlfield tag="008">180108||0000|||||000||||||000000</controlfield>
                        <datafield ind1=" " ind2=" " tag="852">
                            <subfield code="b">Tore</subfield>
                        </datafield>
                        <datafield ind1=" " ind2=" " tag="887">
                            <subfield code="a">{"@id":"26ftmtf73nxp7k8","modified":"2018-01-08T18:24:51+01:00","checksum":"50836574238"}</subfield>
                            <subfield code="2">librisxl</subfield>
                        </datafield>
                    </record>
                </holding>
                <holding sigel="Gbg" id="26ftskc73fcjkd3">
                    <record xmlns="http://www.loc.gov/MARC21/slim" type="Holdings">
                        <leader>     nx  a       1n 4500</leader>
                        <controlfield tag="001">58248127</controlfield>
                        <controlfield tag="004">20829384</controlfield>
                        <controlfield tag="005">20180119082245.0</controlfield>
                        <controlfield tag="008">180119||0000|||||000||||||000000</controlfield>
                        <datafield ind1=" " ind2=" " tag="852">
                            <subfield code="b">Gbg</subfield>
                        </datafield>
                        <datafield ind1=" " ind2=" " tag="887">
                            <subfield code="a">{"@id":"26ftskc73fcjkd3","modified":"2018-01-19T08:22:45+01:00","checksum":"50742359012"}</subfield>
                            <subfield code="2">librisxl</subfield>
                        </datafield>
                    </record>
                </holding>
                <holding sigel="Hib" id="djr59zhk0sghl96">
                    <record xmlns="http://www.loc.gov/MARC21/slim" type="Holdings">
                        <leader>     nx  a       1n 4500</leader>
                        <controlfield tag="001">58385657</controlfield>
                        <controlfield tag="004">20829384</controlfield>
                        <controlfield tag="005">20180124174449.0</controlfield>
                        <controlfield tag="008">1801244|00008|||4001||swe0901128</controlfield>
                        <datafield ind1="1" ind2=" " tag="852">
                            <subfield code="b">Hib</subfield>
                            <subfield code="h">512</subfield>
                            <subfield code="i">Bråting</subfield>
                        </datafield>
                        <datafield ind1=" " ind2=" " tag="887">
                            <subfield code="a">{"@id":"djr59zhk0sghl96","modified":"2018-01-24T17:44:49+01:00","checksum":"60247030423"}</subfield>
                            <subfield code="2">librisxl</subfield>
                        </datafield>
                    </record>
                </holding>
                <holding sigel="O" id="59jspfjb3666gfk">
                    <record xmlns="http://www.loc.gov/MARC21/slim" type="Holdings">
                        <leader>     cx  a       4n 4500</leader>
                        <controlfield tag="001">54839890</controlfield>
                        <controlfield tag="004">20829384</controlfield>
                        <controlfield tag="005">20171204151258.0</controlfield>
                        <controlfield tag="008">1708154|00008|||1001|||||0901128</controlfield>
                        <datafield ind1=" " ind2=" " tag="599">
                            <subfield code="a">Kurs 17/18</subfield>
                        </datafield>
                        <datafield ind1=" " ind2=" " tag="852">
                            <subfield code="b">O</subfield>
                            <subfield code="c">COURSE</subfield>
                            <subfield code="h">512</subfield>
                            <subfield code="i">Bråting</subfield>
                        </datafield>
                        <datafield ind1=" " ind2=" " tag="852">
                            <subfield code="b">O</subfield>
                            <subfield code="c">COURSE_SH</subfield>
                            <subfield code="h">KURSREF</subfield>
                            <subfield code="i">Bråting</subfield>
                        </datafield>
                        <datafield ind1=" " ind2=" " tag="887">
                            <subfield code="a">{"@id":"59jspfjb3666gfk","modified":"2017-12-04T15:12:58+01:00","checksum":"63665177323"}</subfield>
                            <subfield code="2">librisxl</subfield>
                        </datafield>
                    </record>
                </holding>
                <holding sigel="BOKR" id="qv3bhzjw2slh1r0">
                    <record xmlns="http://www.loc.gov/MARC21/slim" type="Holdings">
                        <leader>     cx  a       1n 4500</leader>
                        <controlfield tag="001">54218397</controlfield>
                        <controlfield tag="004">20829384</controlfield>
                        <controlfield tag="005">20180905090127.0</controlfield>
                        <controlfield tag="008">170524||0000|||||000||||||000000</controlfield>
                        <datafield ind1=" " ind2=" " tag="852">
                            <subfield code="b">BOKR</subfield>
                        </datafield>
                        <datafield ind1=" " ind2=" " tag="887">
                            <subfield code="a">{"@id":"qv3bhzjw2slh1r0","modified":"2018-09-05T09:01:27.051+02:00","checksum":"51955073478"}</subfield>
                            <subfield code="2">librisxl</subfield>
                        </datafield>
                    </record>
                </holding>
                <holding sigel="S" id="qv3czc4w4mj3sr6">
                    <record xmlns="http://www.loc.gov/MARC21/slim" type="Holdings">
                        <leader>     nx  a       1n 4500</leader>
                        <controlfield tag="001">54606837</controlfield>
                        <controlfield tag="004">20829384</controlfield>
                        <controlfield tag="005">20170628133753.0</controlfield>
                        <controlfield tag="008">170628||0000|||||001||||||000000</controlfield>
                        <datafield ind1=" " ind2=" " tag="599">
                            <subfield code="a">nbv201726</subfield>
                        </datafield>
                        <datafield ind1=" " ind2=" " tag="852">
                            <subfield code="b">S</subfield>
                            <subfield code="h">Sv2017</subfield>
                            <subfield code="j">4501</subfield>
                            <subfield code="x">nb2017mon</subfield>
                            <subfield code="x">annbjo</subfield>
                        </datafield>
                        <datafield ind1=" " ind2=" " tag="887">
                            <subfield code="a">{"@id":"qv3czc4w4mj3sr6","modified":"2017-06-28T13:37:53+02:00","checksum":"58981204488"}</subfield>
                            <subfield code="2">librisxl</subfield>
                        </datafield>
                    </record>
                </holding>
                <holding sigel="Hal" id="59jxt7rb2kkbrx5">
                    <record xmlns="http://www.loc.gov/MARC21/slim" type="Holdings">
                        <leader>     cx  a       1n 4500</leader>
                        <controlfield tag="001">58209700</controlfield>
                        <controlfield tag="004">20829384</controlfield>
                        <controlfield tag="005">20180223130932.0</controlfield>
                        <controlfield tag="008">180115||0000||||4000||||||000000</controlfield>
                        <datafield ind1=" " ind2=" " tag="852">
                            <subfield code="b">Hal</subfield>
                            <subfield code="c">Eabt  BRÅTING</subfield>
                        </datafield>
                        <datafield ind1=" " ind2=" " tag="887">
                            <subfield code="a">{"@id":"59jxt7rb2kkbrx5","modified":"2018-02-23T13:09:32+01:00","checksum":"52164451035"}</subfield>
                            <subfield code="2">librisxl</subfield>
                        </datafield>
                    </record>
                </holding>
                <holding sigel="Ubl" id="qv3cztcw5d2s6s3">
                    <record xmlns="http://www.loc.gov/MARC21/slim" type="Holdings">
                        <leader>     cx  a       4n 4500</leader>
                        <controlfield tag="001">54619647</controlfield>
                        <controlfield tag="004">20829384</controlfield>
                        <controlfield tag="005">20180521142439.0</controlfield>
                        <controlfield tag="008">1707034|00008|||1001|||||0901128</controlfield>
                        <datafield ind1=" " ind2=" " tag="852">
                            <subfield code="b">Ubl</subfield>
                            <subfield code="h">Kurs</subfield>
                            <subfield code="l">Bråting</subfield>
                            <subfield code="x">uub201707ubl</subfield>
                        </datafield>
                        <datafield ind1=" " ind2=" " tag="887">
                            <subfield code="a">{"@id":"qv3cztcw5d2s6s3","modified":"2018-05-21T14:24:39+02:00","checksum":"66358916255"}</subfield>
                            <subfield code="2">librisxl</subfield>
                        </datafield>
                    </record>
                </holding>
                <holding sigel="Oxel" id="4cz2cwb12lw1k2vt">
                    <record xmlns="http://www.loc.gov/MARC21/slim" type="Holdings">
                        <leader>     cx  2       |n 4500</leader>
                        <controlfield tag="001">4cz2cwb12lw1k2vt</controlfield>
                        <controlfield tag="004">20829384</controlfield>
                        <controlfield tag="005">20180703110536.0</controlfield>
                        <controlfield tag="008">180611||0000|||||000||||||000000</controlfield>
                        <datafield ind1=" " ind2=" " tag="852">
                            <subfield code="b">Oxel</subfield>
                        </datafield>
                        <datafield ind1=" " ind2=" " tag="887">
                            <subfield code="a">{"@id":"4cz2cwb12lw1k2vt","modified":"2018-07-03T11:05:36.731+02:00","checksum":"26987926297"}</subfield>
                            <subfield code="2">librisxl</subfield>
                        </datafield>
                    </record>
                </holding>
            </about>
            <about>
                <agent name="Mhs"/>
            </about>
        </record>