
        <record>
            <header>
                <identifier>https://libris.kb.se/x6ccbmzzvzt0q7h3</identifier>
                <datestamp>2018-11-14T16:09:27.804Z</datestamp>
                <setSpec>bib</setSpec>
            </header>
            <metadata>
                <record xmlns="http://www.loc.gov/MARC21/slim" type="Bibliographic">
                    <leader>     cam a       3  4500</leader>
                    <controlfield tag="001">x6ccbmzzvzt0q7h3</controlfield>
                    <controlfield tag="005">20181114170423.0</controlfield>
                    <controlfield tag="008">181114s2018    sw |||||||||||000 ||eng| </controlfield>
                    <datafield ind1=" " ind2=" " tag="020">
                        <subfield code="a">9789175977676</subfield>
                    </datafield>
                    <datafield ind1=" " ind2=" " tag="040">
                        <subfield code="a">Z</subfield>
                    </datafield>
                    <datafield ind1=" " ind2=" " tag="041">
                        <subfield code="a">eng</subfield>
                    </datafield>
                    <datafield ind1="1" ind2="0" tag="245">
                        <subfield code="a">Human Centred Design for Maritime Safety: A User Perspective on the Benefits and Success Factors of User Participation in the Design of Ships and Ship Systems /</subfield>
                        <subfield code="c">Nicole A. Costa.</subfield>
                    </datafield>
                    <datafield ind1=" " ind2="1" tag="264">
                        <subfield code="a">Göteborg :</subfield>
                        <subfield code="b">Chalmers University of Technology,</subfield>
                        <subfield code="c">2018</subfield>
                    </datafield>
                    <datafield ind1=" " ind2=" " tag="300">
                        <subfield code="a">xiv, 55 sidor.</subfield>
                        <subfield code="b">illustrerad.</subfield>
                    </datafield>
                    <datafield ind1="1" ind2=" " tag="490">
                        <subfield code="a">Doktorsavhandlingar vid Chalmers tekniska högskola. Ny serie,</subfield>
                        <subfield code="x">0346-718X ;</subfield>
                        <subfield code="v">4448</subfield>
                    </datafield>
                    <datafield ind1=" " ind2=" " tag="500">
                        <subfield code="a">Härtill 6 uppsatser.</subfield>
                    </datafield>
                    <datafield ind1=" " ind2=" " tag="502">
                        <subfield code="a">Diss. (sammanfattning) Göteborg : Chalmers tekniska högskola, 2018</subfield>
                    </datafield>
                    <datafield ind1=" " ind2="0" tag="650">
                        <subfield code="a"> Naval architecture: Human factors</subfield>
                    </datafield>
                    <datafield ind1=" " ind2="0" tag="650">
                        <subfield code="a">Marinas</subfield>
                    </datafield>
                    <datafield ind1=" " ind2="0" tag="650">
                        <subfield code="a">Design: Human factors</subfield>
                    </datafield>
                    <datafield ind1=" " ind2=" " tag="887">
                        <subfield code="a">{"@id":"x6ccbmzzvzt0q7h3","modified":"2018-11-14T17:04:23.834+01:00","checksum":"35678422969"}</subfield>
                        <subfield code="2">librisxl</subfield>
                    </datafield>
                </record>
            </metadata>
            <about>
                <holding sigel="Z" id="7hnnnhx25b94s0cv">
                    <record xmlns="http://www.loc.gov/MARC21/slim" type="Holdings">
                        <leader>     nx  a       |n 4500</leader>
                        <controlfield tag="001">7hnnnhx25b94s0cv</controlfield>
                        <controlfield tag="005">20181114171221.0</controlfield>
                        <controlfield tag="008">181114||0000|||||000||||||000000</controlfield>
                        <datafield ind1=" " ind2="0" tag="653">
                            <subfield code="a">Institutionen för Mekanik och maritima vetenskaper .</subfield>
                        </datafield>
                        <datafield ind1=" " ind2="0" tag="653">
                            <subfield code="a">CTH</subfield>
                        </datafield>
                        <datafield ind1=" " ind2=" " tag="852">
                            <subfield code="b">Z</subfield>
                            <subfield code="h">Chalmers tekniska högskola. Doktorsavhandlingar. Ny serie. 4448</subfield>
                        </datafield>
                        <datafield ind1=" " ind2=" " tag="852">
                            <subfield code="b">Z</subfield>
                            <subfield code="j">Diss. sv. 8075</subfield>
                        </datafield>
                        <datafield ind1=" " ind2=" " tag="887">
                            <subfield code="a">{"@id":"7hnnnhx25b94s0cv","modified":"2018-11-14T17:12:21.521+01:00","checksum":"21209969758"}</subfield>
                            <subfield code="2">librisxl</subfield>
                        </datafield>
                    </record>
                </holding>
            </about>
            <about>
                <agent name="Z"/>
            </about>
        </record>