
        <record>
            <header>
                <identifier>https://libris.kb.se/ktt0xg0mhlvcxb39</identifier>
                <datestamp>2018-11-14T18:39:50.598Z</datestamp>
                <setSpec>bib</setSpec>
            </header>
            <metadata>
                <record xmlns="http://www.loc.gov/MARC21/slim" type="Bibliographic">
                    <leader>     cam a       8  4500</leader>
                    <controlfield tag="001">ktt0xg0mhlvcxb39</controlfield>
                    <controlfield tag="005">20181114193904.0</controlfield>
                    <controlfield tag="008">181003s2018    xxu|||||||||||000 ||eng|d</controlfield>
                    <datafield ind1=" " ind2=" " tag="020">
                        <subfield code="a">9781593278274</subfield>
                        <subfield code="q">pocket</subfield>
                    </datafield>
                    <datafield ind1=" " ind2=" " tag="035">
                        <subfield code="a">(BOKR)9781593278274</subfield>
                    </datafield>
                    <datafield ind1=" " ind2=" " tag="040">
                        <subfield code="a">BOKR</subfield>
                    </datafield>
                    <datafield ind1=" " ind2=" " tag="041">
                        <subfield code="a">eng</subfield>
                    </datafield>
                    <datafield ind1="1" ind2=" " tag="100">
                        <subfield code="a">DeBarros, Anthony</subfield>
                        <subfield code="4">author</subfield>
                    </datafield>
                    <datafield ind1="1" ind2="0" tag="245">
                        <subfield code="a">Practical SQL</subfield>
                    </datafield>
                    <datafield ind1=" " ind2="1" tag="264">
                        <subfield code="b">No Starch Press,</subfield>
                        <subfield code="c">2018</subfield>
                    </datafield>
                    <datafield ind1=" " ind2=" " tag="300">
                        <subfield code="a">xix, 288 sidor, illustrationer</subfield>
                        <subfield code="c">24.7 cm</subfield>
                    </datafield>
                    <datafield ind1=" " ind2=" " tag="336">
                        <subfield code="b">txt</subfield>
                        <subfield code="2">rdacontent</subfield>
                    </datafield>
                    <datafield ind1=" " ind2=" " tag="337">
                        <subfield code="b">n</subfield>
                        <subfield code="2">rdamedia</subfield>
                    </datafield>
                    <datafield ind1=" " ind2=" " tag="338">
                        <subfield code="b">nc</subfield>
                        <subfield code="2">rdacarrier</subfield>
                    </datafield>
                    <datafield ind1=" " ind2=" " tag="340">
                        <subfield code="b">24.7 cm</subfield>
                    </datafield>
                    <datafield ind1="8" ind2=" " tag="505">
                        <subfield code="a">Introduction -- Chapter 1: Creating your first database &amp; table -- Chapter 2: Beginning Data Exploration with SELECT -- Chapter 3: Understanding Data Types -- Chapter 4: Importing and Exporting Data -- Chapter 5: Basic Math and Stats -- Chapter 6: Joining Tables in a Relational Database -- Chapter 7: Table Design that Works for You -- Chapter 8: Grouping and Summarizing Data -- Chapter 9: Cleaning , Modifying, Deleting Data -- Chapter 10: Ranks, Rates, asnd Stats -- Chapter 11: Dealing with Dates -- Chapter 12: Advanced Queries -- Chapter 13: Full-Text Search -- Chapter 14: GIS -- Chapter 15: Views -- Chapter 16: Working from the command line -- Chapter 17: Maintenance -- Appendix A: Alternative software and text editors -- Appendix B: Solutions.</subfield>
                    </datafield>
                    <datafield ind1=" " ind2=" " tag="599">
                        <subfield code="a">Maskinellt genererad post. Ändra kod för fullständighetsnivå (leader/17), annars kommer manuellt gjorda ändringar att försvinna.</subfield>
                    </datafield>
                    <datafield ind1=" " ind2=" " tag="887">
                        <subfield code="a">{"@id":"ktt0xg0mhlvcxb39","modified":"2018-11-14T19:39:04.872+01:00","checksum":"34541267385"}</subfield>
                        <subfield code="2">librisxl</subfield>
                    </datafield>
                </record>
            </metadata>
            <about>
                <holding sigel="Z" id="ktwmd6fphn4kjq6j">
                    <record xmlns="http://www.loc.gov/MARC21/slim" type="Holdings">
                        <leader>     cx  a       |n 4500</leader>
                        <controlfield tag="001">ktwmd6fphn4kjq6j</controlfield>
                        <controlfield tag="005">20181114194005.0</controlfield>
                        <controlfield tag="008">181017||0000|||||000||||||000000</controlfield>
                        <datafield ind1=" " ind2=" " tag="852">
                            <subfield code="b">Z</subfield>
                            <subfield code="h">qad</subfield>
                        </datafield>
                        <datafield ind1=" " ind2=" " tag="887">
                            <subfield code="a">{"@id":"ktwmd6fphn4kjq6j","modified":"2018-11-14T19:40:05.01+01:00","checksum":"-6125297051"}</subfield>
                            <subfield code="2">librisxl</subfield>
                        </datafield>
                    </record>
                </holding>
            </about>
            <about>
                <agent name="Z"/>
            </about>
        </record>
    </ListRecords>
</OAI-PMH>